timestamp,source_message_type,source_order_ref,action,order_id,side,order_type,price,quantity
14400032120866,A,16079,new,16079,buy,limit,1437000,1
14400033130042,A,16131,new,16131,buy,limit,1600000,25
14400461079347,A,47487,new,47487,sell,limit,1797800,800
14401625994004,A,64255,new,64255,buy,limit,1796200,800
14401626029391,A,64259,new,64259,sell,limit,1797100,800
14401677421400,A,65279,new,65279,sell,limit,1797000,800
14401689974816,D,64259,cancel,64259,,,,
14401692005748,D,64255,cancel,64255,,,,
14401823237845,A,66531,new,66531,buy,limit,1795300,800
14401828206315,A,66539,new,66539,buy,limit,1796000,800
14401828227439,A,66543,new,66543,sell,limit,1796900,800
14401850120009,A,67463,new,67463,buy,limit,1796100,800
14401850136244,A,67471,new,67471,sell,limit,1796800,800
14401850160897,D,47487,cancel,47487,,,,
14401869061947,D,66543,cancel,66543,,,,
14401968767032,D,66539,cancel,66539,,,,
14402028560581,A,69579,new,69579,sell,limit,1796800,800
14402057386886,A,70563,new,70563,sell,limit,1796700,800
14402057464642,D,65279,cancel,65279,,,,
14402061456485,D,67463,cancel,67463,,,,
14402065860307,A,70659,new,70659,sell,limit,1796700,800
14402065881061,D,69579,cancel,69579,,,,
14402068774922,A,70743,new,70743,buy,limit,1795800,800
14402082267648,A,70891,new,70891,sell,limit,1796600,800
14402082327500,D,67471,cancel,67471,,,,
14402086121045,A,70911,new,70911,buy,limit,1795900,800
14402122536228,D,70659,cancel,70659,,,,
14402185222377,D,70743,cancel,70743,,,,
14402240935515,A,72231,new,72231,sell,limit,1796600,800
14402257140135,A,72943,new,72943,sell,limit,1796500,800
14402257195283,D,70563,cancel,70563,,,,
14402260853754,D,72231,cancel,72231,,,,
14402286891965,A,73611,new,73611,buy,limit,1795800,800
14402345160688,D,73611,cancel,73611,,,,
14402441930661,A,74919,new,74919,sell,limit,1796700,800
14402466097310,A,75747,new,75747,buy,limit,1796000,800
14402466167526,D,66531,cancel,66531,,,,
14402487182686,A,75939,new,75939,buy,limit,1795900,800
14403592451648,E,75747,new,9000000000000000000,sell,market,,4
14403635605799,D,75939,cancel,75939,,,,
14403641901311,D,74919,cancel,74919,,,,
14403641916665,A,85951,new,85951,sell,limit,1796600,800
14403786891881,A,87139,new,87139,buy,limit,1795800,800
14403840140828,D,75747,cancel,75747,,,,
14403844596579,D,85951,cancel,85951,,,,
14403844613135,A,87367,new,87367,sell,limit,1796500,800
14403844807729,D,87139,cancel,87139,,,,
14403865505601,A,87555,new,87555,sell,limit,1796400,800
14403865571655,D,70891,cancel,70891,,,,
14403993617536,A,88547,new,88547,buy,limit,1795700,800
14404721390745,D,88547,cancel,88547,,,,
14404721719291,D,70911,cancel,70911,,,,
14404726073564,D,87367,cancel,87367,,,,
14404726087579,A,92647,new,92647,sell,limit,1796400,800
14404742629055,A,92667,new,92667,sell,limit,1796300,800
14404742683587,D,72943,cancel,72943,,,,
14404746707719,A,92683,new,92683,buy,limit,1795700,800
14404786887949,D,92647,cancel,92647,,,,
14404827204353,A,92927,new,92927,buy,limit,1795500,800
14404839861220,D,92927,cancel,92927,,,,
14404935953299,A,93559,new,93559,sell,limit,1796400,800
14405013186585,D,93559,cancel,93559,,,,
14405036013944,A,93895,new,93895,buy,limit,1795600,800
14405140495302,A,94255,new,94255,sell,limit,1796400,800
14406521347860,E,92683,new,9000000000000000001,sell,market,,4
14406856220093,D,94255,cancel,94255,,,,
14407003780449,A,98959,new,98959,sell,limit,1796400,800
14407105053198,D,92683,cancel,92683,,,,
14407109796977,D,93895,cancel,93895,,,,
14407109888433,D,98959,cancel,98959,,,,
14407130242526,A,99119,new,99119,buy,limit,1795600,800
14407208645510,A,99391,new,99391,sell,limit,1796300,800
14407210070915,A,99395,new,99395,sell,limit,1796200,800
14407210106626,A,99399,new,99399,buy,limit,1795400,800
14407210141930,D,87555,cancel,87555,,,,
14407438964605,U,99399,modify,99399,,,1795500,800
14407603802723,D,99651,cancel,99399,,,,
14407643955523,A,100255,new,100255,buy,limit,1795700,800
14407643992991,A,100259,new,100259,buy,limit,1795600,800
14408001473624,D,100259,cancel,100259,,,,
14408001499039,D,100255,cancel,100255,,,,
14408110962729,A,101763,new,101763,buy,limit,1795500,800
14408539209159,D,99391,cancel,99391,,,,
14408670797864,A,102135,new,102135,sell,limit,1796300,800
14409081359934,D,102135,cancel,102135,,,,
14409208043851,A,102815,new,102815,sell,limit,1796400,800
14409296553950,D,102815,cancel,102815,,,,
14409411182677,A,103099,new,103099,sell,limit,1796400,800
14409411200097,A,103103,new,103103,buy,limit,1795600,800
14409411212333,D,101763,cancel,101763,,,,
14409431376219,A,103139,new,103139,buy,limit,1795700,800
14409593930172,D,103103,cancel,103103,,,,
14409700644128,A,103427,new,103427,buy,limit,1795600,800
14409755420875,D,103427,cancel,103427,,,,
14409971138614,A,103707,new,103707,buy,limit,1795500,800
14410048014420,A,103867,new,103867,sell,limit,1796300,800
14410048030983,D,103099,cancel,103099,,,,
14410084635774,D,103867,cancel,103867,,,,
14410085870895,D,103707,cancel,103707,,,,
14410186245310,A,103979,new,103979,buy,limit,1795600,800
14410270798597,A,104031,new,104031,sell,limit,1796400,800
14410298549782,D,103979,cancel,103979,,,,
14410372163877,A,104075,new,104075,sell,limit,1796300,800
14410372179908,D,104031,cancel,104031,,,,
14410399533344,A,104135,new,104135,buy,limit,1795400,800
14413015025121,U,104135,modify,104135,,,1795500,800
14413991551354,A,107971,new,107971,sell,limit,1797600,4
14414034652363,D,104075,cancel,104075,,,,
14414035358377,D,99395,cancel,99395,,,,
14414035375074,D,92667,cancel,92667,,,,
14414105018154,A,108011,new,108011,sell,limit,1796300,800
14414116119171,A,108015,new,108015,buy,limit,1795600,800
14414116136551,D,106651,cancel,104135,,,,
14414121165743,D,108015,cancel,108015,,,,
14414154611948,A,108019,new,108019,sell,limit,1796400,800
14414328203289,A,108167,new,108167,buy,limit,1795500,800
14414431376431,D,103139,cancel,103139,,,,
14414436605661,D,108019,cancel,108019,,,,
14414436619240,A,108183,new,108183,sell,limit,1796300,800
14414459363817,A,108243,new,108243,sell,limit,1796200,800
14414750394076,D,108183,cancel,108183,,,,
14414750677707,A,109283,new,109283,buy,limit,1795600,800
14414750693590,D,108167,cancel,108167,,,,
14414751357114,D,99119,cancel,99119,,,,
14414767284893,A,109471,new,109471,buy,limit,1795700,800
14414852042024,A,110159,new,110159,sell,limit,1796500,800
14414945426453,D,108243,cancel,108243,,,,
14414945441042,D,108011,cancel,108011,,,,
14414948919281,D,109283,cancel,109283,,,,
14414952266255,A,111131,new,111131,buy,limit,1795700,800
14414969219865,A,111159,new,111159,buy,limit,1795800,800
14415124605643,D,111131,cancel,111131,,,,
14415170032351,E,111159,new,9000000000000000002,sell,market,,50
14415226286724,A,111411,new,111411,buy,limit,1795600,800
14415384773495,D,110159,cancel,110159,,,,
14415384798336,A,111611,new,111611,sell,limit,1796400,800
14415408230985,A,111615,new,111615,sell,limit,1796300,800
14415625403793,D,111611,cancel,111611,,,,
14415641409031,A,111859,new,111859,buy,limit,1795700,800
14415641430210,D,111411,cancel,111411,,,,
14415741566093,A,111995,new,111995,sell,limit,1796500,800
14415741898226,D,111859,cancel,111859,,,,
14415842341966,A,112003,new,112003,buy,limit,1795600,800
14415894223474,D,111995,cancel,111995,,,,
14415994374452,A,112139,new,112139,sell,limit,1796500,800
14416621117627,D,112139,cancel,112139,,,,
14416621144113,A,113659,new,113659,sell,limit,1796400,800
14416862943447,D,113659,cancel,113659,,,,
14416963407967,A,114007,new,114007,sell,limit,1796500,800
14417121155794,D,114007,cancel,114007,,,,
14417166533377,A,114399,new,114399,sell,limit,1796400,800
14417335099260,D,114399,cancel,114399,,,,
14417435872945,A,114751,new,114751,sell,limit,1796500,800
14417541673298,D,114751,cancel,114751,,,,
14417670797146,A,114899,new,114899,sell,limit,1796400,800
14417913044626,D,111159,cancel,111159,,,,
14417917029264,D,112003,cancel,112003,,,,
14417917460322,D,114899,cancel,114899,,,,
14417917474359,A,115099,new,115099,sell,limit,1796300,800
14417918475555,D,115099,cancel,115099,,,,
14418017115592,A,115151,new,115151,buy,limit,1795500,800
14418017608364,D,115151,cancel,115151,,,,
14418129199964,A,115211,new,115211,sell,limit,1796400,800
14418255450994,A,115239,new,115239,buy,limit,1795500,800
14419185575350,A,115919,new,115919,buy,limit,1795600,800
14419185588949,D,115239,cancel,115239,,,,
14419665763753,D,115211,cancel,115211,,,,
14419665783354,A,116247,new,116247,sell,limit,1796300,800
14419681390968,D,116247,cancel,116247,,,,
14419870804930,A,116331,new,116331,sell,limit,1796400,800
14420023904178,D,115919,cancel,115919,,,,
14420024570438,D,109471,cancel,109471,,,,
14420130027648,A,116535,new,116535,buy,limit,1795500,800
14420381301904,D,116331,cancel,116331,,,,
14420381317398,A,116655,new,116655,sell,limit,1796300,800
14424220754025,A,119543,new,119543,buy,limit,1795600,800
14424791112378,D,116655,cancel,116655,,,,
14424891682600,A,121959,new,121959,sell,limit,1796400,800
14424898360573,A,121967,new,121967,buy,limit,1795600,800
14424898372085,D,116535,cancel,116535,,,,
14424922793505,A,121995,new,121995,buy,limit,1795700,800
14425534297384,D,121967,cancel,121967,,,,
14425578414041,D,121959,cancel,121959,,,,
14425578427637,A,122231,new,122231,sell,limit,1796300,800
14425634591931,A,122239,new,122239,buy,limit,1795500,800
14426424714768,D,122231,cancel,122231,,,,
14426424729288,A,122543,new,122543,sell,limit,1796200,800
14429922291751,D,121995,cancel,121995,,,,
14430636936836,D,122239,cancel,122239,,,,
14430637338364,D,119543,cancel,119543,,,,
14430638799567,A,126471,new,126471,sell,limit,1796100,800
14430638816087,D,122543,cancel,122543,,,,
14430643300206,D,126471,cancel,126471,,,,
14430663278381,A,126499,new,126499,buy,limit,1795400,800
14430742272123,A,126535,new,126535,buy,limit,1795400,800
14430742311608,D,126535,cancel,126535,,,,
14430870807214,A,126775,new,126775,sell,limit,1796300,800
14431003763911,A,126823,new,126823,buy,limit,1795500,800
14431019097653,A,126827,new,126827,buy,limit,1795600,800
14431900308491,D,126775,cancel,126775,,,,
14431904402715,A,127423,new,127423,buy,limit,1795600,800
14431904416474,D,126823,cancel,126823,,,,
14431920851849,A,127443,new,127443,buy,limit,1795700,800
14431920905814,D,126499,cancel,126499,,,,
14432003741591,A,127467,new,127467,sell,limit,1796400,800
14432906081117,U,127423,modify,127423,,,1795700,800
14432906194669,D,128159,cancel,127423,,,,
14433112395134,A,128275,new,128275,buy,limit,1795600,800
14433236429447,D,127467,cancel,127467,,,,
14433237132609,D,128275,cancel,128275,,,,
14433336769796,A,128455,new,128455,sell,limit,1796500,800
14433385416919,A,128463,new,128463,buy,limit,1795600,800
14433831070810,A,128571,new,128571,buy,limit,1795700,800
14433831087930,D,128463,cancel,128463,,,,
14433847189789,D,111615,cancel,111615,,,,
14433862872594,A,128587,new,128587,sell,limit,1796400,800
14433863163293,A,128591,new,128591,buy,limit,1795800,800
14433863223370,D,126827,cancel,126827,,,,
14434005687495,A,128655,new,128655,sell,limit,1796600,1600
14434034862484,A,128695,new,128695,buy,limit,1795600,1600
14434205688390,A,128747,new,128747,sell,limit,1796700,1600
14434270807022,A,128799,new,128799,buy,limit,1795500,1600
14434416871339,A,128867,new,128867,sell,limit,1796800,1600
14434486837815,A,128907,new,128907,buy,limit,1795400,1600
14434670797819,A,128939,new,128939,sell,limit,1796900,1600
14434786888879,A,129143,new,129143,buy,limit,1795300,1600
14434920696300,A,129211,new,129211,sell,limit,1797000,1600
14434987273676,A,129215,new,129215,buy,limit,1795200,1600
14435130211373,A,129459,new,129459,sell,limit,1797100,1600
14435165804010,D,128455,cancel,128455,,,,
14435200708444,A,129671,new,129671,buy,limit,1795100,1600
14435271694992,D,128655,cancel,128655,,,,
14435378836247,A,130007,new,130007,sell,limit,1796600,1600
14435380904144,A,130011,new,130011,sell,limit,1796500,2500
14435383978663,D,130011,cancel,130011,,,,
14435416880365,A,130071,new,130071,buy,limit,1795000,1600
14435548462343,D,130071,cancel,130071,,,,
14435548896279,D,130007,cancel,130007,,,,
14435603615266,A,130311,new,130311,buy,limit,1795900,800
14435603674773,D,127443,cancel,127443,,,,
14435616920988,A,130331,new,130331,buy,limit,1795800,1600
14435670806966,A,130379,new,130379,sell,limit,1797200,1600
14435926091448,A,131835,new,131835,sell,limit,1796600,1600
14436062039137,D,131835,cancel,131835,,,,
14436194282282,A,133179,new,133179,sell,limit,1796600,1600
14436416872253,A,133551,new,133551,sell,limit,1797300,1600
14436504392431,D,133179,cancel,133179,,,,
14436670798287,A,133871,new,133871,sell,limit,1797400,1600
14437041089462,A,134175,new,134175,buy,limit,1795900,1600
14437041106491,D,129671,cancel,129671,,,,
14437078537502,D,134175,cancel,134175,,,,
14437078745783,D,133871,cancel,133871,,,,
14437078759505,A,134219,new,134219,sell,limit,1796600,1600
14437182770845,D,134219,cancel,134219,,,,
14437265375582,A,134363,new,134363,buy,limit,1795100,1600
14437286892196,A,134403,new,134403,sell,limit,1797400,1600
14437855542817,D,134403,cancel,134403,,,,
14437855560718,A,134843,new,134843,sell,limit,1796600,1600
14437906225540,E,130311,new,9000000000000000003,sell,market,,100
14438129975041,D,134843,cancel,134843,,,,
14438235763339,A,135331,new,135331,sell,limit,1797400,1600
14438236349943,D,135331,cancel,135331,,,,
14438436662811,A,135387,new,135387,sell,limit,1797400,1600
14438631886351,U,134363,modify,134363,,,1795900,1600
14438752686692,D,128587,cancel,128587,,,,
14438767905985,A,135795,new,135795,buy,limit,1796000,800
14438767950043,X,128591,modify,128591,,,,100
14438768531094,A,135799,new,135799,sell,limit,1796600,800
14439372990635,D,135663,cancel,134363,,,,
14439486847148,A,136215,new,136215,buy,limit,1795100,1600
14439548046058,D,135387,cancel,135387,,,,
14439548066850,A,136243,new,136243,sell,limit,1796600,1600
14439610223165,A,136563,new,136563,sell,limit,1796500,800
14443767651584,D,135795,cancel,135795,,,,
14446368566167,D,136243,cancel,136243,,,,
14446369269541,D,136563,cancel,136563,,,,
14446470801186,A,139267,new,139267,sell,limit,1797400,1600
14446475764071,D,139267,cancel,139267,,,,
14446535756188,A,139303,new,139303,sell,limit,1796500,800
14446683029779,A,139311,new,139311,sell,limit,1796600,1600
14448128943824,A,139735,new,139735,sell,limit,1796500,2500
14448128961950,D,133551,cancel,133551,,,,
14448129234987,D,130331,cancel,130331,,,,
14448129924577,D,130311,cancel,130311,,,,
14448145502583,A,139827,new,139827,sell,limit,1796400,800
14448145568890,D,135799,cancel,135799,,,,
14448145586366,A,139831,new,139831,buy,limit,1795800,700
14448230875761,A,139895,new,139895,buy,limit,1795000,1600
14452860826289,D,139735,cancel,139735,,,,
14452865184815,U,139895,modify,139895,,,1795800,1600
14452866236805,U,136215,modify,136215,,,1795900,2500
14452867524954,D,142259,cancel,136215,,,,
14452883612298,A,142271,new,142271,buy,limit,1795900,800
14452961264343,A,142347,new,142347,sell,limit,1797300,1600
14452968278471,D,139311,cancel,139311,,,,
14453066597163,A,142543,new,142543,buy,limit,1795100,1600
14453144605197,D,139827,cancel,139827,,,,
14453144616786,D,139303,cancel,139303,,,,
14453159808202,A,142971,new,142971,buy,limit,1796000,800
14453159863113,D,128591,cancel,128591,,,,
14453159878467,D,139831,cancel,139831,,,,
14453160441657,A,142983,new,142983,sell,limit,1796600,800
14453178866322,A,143159,new,143159,sell,limit,1797400,1600
14453266850634,U,142543,modify,142543,,,1795900,1600
14454854464523,D,143159,cancel,143159,,,,
14454854485328,A,144427,new,144427,sell,limit,1796600,1600
14454854845868,D,143887,cancel,142543,,,,
14454916497124,A,144467,new,144467,sell,limit,1796500,800
14455003793539,A,144487,new,144487,buy,limit,1795100,1600
14456659793138,U,144487,modify,144487,,,1795900,2500
14456659962840,D,144427,cancel,144427,,,,
14456674525449,D,145403,cancel,144487,,,,
14456786900815,A,145423,new,145423,sell,limit,1797400,1600
14456863582500,A,145447,new,145447,buy,limit,1795100,1600
14457070806959,U,145447,modify,145447,,,1795900,1600
14458173879641,A,145879,new,145879,buy,limit,1796000,2500
14458173906180,D,129215,cancel,129215,,,,
14458195606752,A,145891,new,145891,buy,limit,1796100,800
14458195683291,D,142271,cancel,142271,,,,
14458330129335,A,145947,new,145947,buy,limit,1730000,1
14458538174252,D,144467,cancel,144467,,,,
14458542187113,D,128747,cancel,128747,,,,
14458542878818,D,142983,cancel,142983,,,,
14458558887252,A,146139,new,146139,sell,limit,1796700,800
14458670800510,A,146183,new,146183,sell,limit,1797500,1600
14459507286381,D,145947,cancel,145947,,,,
14459980371172,D,146183,cancel,146183,,,,
14459980397234,A,147515,new,147515,sell,limit,1796700,1600
14459980709709,D,145879,cancel,145879,,,,
14459998695364,A,147519,new,147519,sell,limit,1796600,800
14460110403925,A,147655,new,147655,buy,limit,1795200,1600
14460169622169,D,147515,cancel,147515,,,,
14460270798573,A,147779,new,147779,sell,limit,1797500,1600
14460868297396,D,145891,cancel,145891,,,,
14460871572236,D,147779,cancel,147779,,,,
14460871588968,A,148179,new,148179,sell,limit,1796700,1600
14462985103112,D,145459,cancel,145447,,,,
14462985165229,D,145423,cancel,145423,,,,
14462985181923,A,149463,new,149463,sell,limit,1796600,1600
14462985804065,D,142971,cancel,142971,,,,
14463002554016,A,149491,new,149491,sell,limit,1796500,800
14463002588899,D,146139,cancel,146139,,,,
14463006567384,A,149495,new,149495,buy,limit,1795900,800
14463086527218,A,149527,new,149527,buy,limit,1795100,1600
14465114893915,D,149463,cancel,149463,,,,
14465227273753,A,151259,new,151259,sell,limit,1797400,1600
14466277163085,U,149527,modify,149527,,,1795900,1600
14466278793003,D,149491,cancel,149491,,,,
14466284041337,D,147655,cancel,147655,,,,
14466284426931,D,148179,cancel,148179,,,,
14466285100201,D,147519,cancel,147519,,,,
14466294909328,A,151823,new,151823,buy,limit,1796000,800
14466305047802,A,151859,new,151859,sell,limit,1796700,800
14466396792229,A,151955,new,151955,sell,limit,1797500,1600
14466486848838,A,152055,new,152055,buy,limit,1796000,1600
14466507342920,A,152095,new,152095,buy,limit,1796100,800
14466507400610,D,149495,cancel,149495,,,,
14468245629192,A,153895,new,153895,buy,limit,1730000,1
14468579304642,D,128867,cancel,128867,,,,
14468579507336,U,129143,modify,129143,,,1796100,1600
14468584873603,D,128939,cancel,128939,,,,
14468589915940,D,153979,cancel,129143,,,,
14468683022747,A,154039,new,154039,sell,limit,1796900,1600
14468683626348,A,154047,new,154047,sell,limit,1796800,2500
14468780406018,A,154087,new,154087,buy,limit,1795300,1600
14471632169538,D,152055,cancel,152055,,,,
14471632853586,D,152095,cancel,152095,,,,
14471672218447,D,151955,cancel,151955,,,,
14471672240250,A,154671,new,154671,sell,limit,1796700,1600
14471724030133,A,154679,new,154679,sell,limit,1796600,800
14471752340779,A,154683,new,154683,buy,limit,1795200,1600
14473742226809,D,153895,cancel,153895,,,,
14476039427612,D,151779,cancel,149527,,,,
14476039447579,D,151823,cancel,151823,,,,
14476043715663,D,151259,cancel,151259,,,,
14476043733641,A,156763,new,156763,sell,limit,1796600,1600
14476061285890,A,156831,new,156831,sell,limit,1796500,800
14476061321294,D,151859,cancel,151859,,,,
14476064824532,A,156851,new,156851,buy,limit,1795900,800
14476161361304,A,156951,new,156951,buy,limit,1795100,1600
14476813619184,D,142251,cancel,139895,,,,
14476848772194,A,157275,new,157275,sell,limit,1796500,2500
14476848788243,D,142347,cancel,142347,,,,
14476871644329,A,157283,new,157283,sell,limit,1796400,800
14476871712521,D,154679,cancel,154679,,,,
14477003005507,A,157451,new,157451,buy,limit,1795000,1600
14478373645458,D,156851,cancel,156851,,,,
14478377467539,D,130379,cancel,130379,,,,
14478377485639,A,161671,new,161671,sell,limit,1796400,1600
14478377648363,D,128571,cancel,128571,,,,
14478394165135,A,161675,new,161675,buy,limit,1795700,800
14478394181222,A,161679,new,161679,sell,limit,1796300,800
14478394207198,D,156831,cancel,156831,,,,
14478486840103,A,161767,new,161767,buy,limit,1794900,1600
14484270801895,U,161767,modify,161767,,,1795800,1600
14484270827887,D,129459,cancel,129459,,,,
14484270841917,A,164139,new,164139,sell,limit,1796300,1600
14484286114463,A,164151,new,164151,buy,limit,1795800,800
14484286131291,A,164155,new,164155,sell,limit,1796200,800
14484286182646,D,157283,cancel,157283,,,,
14484486842117,U,157451,modify,157451,,,1795700,1600
14486140746551,D,164151,cancel,164151,,,,
14486169503839,A,164951,new,164951,buy,limit,1795800,800
14488691600016,A,165551,new,165551,buy,limit,1730000,1
14490014613540,A,165655,new,165655,buy,limit,1795900,800
14490014700338,D,161675,cancel,161675,,,,
14490073944457,D,165551,cancel,165551,,,,
14490078120242,D,164155,cancel,164155,,,,
14490103853056,A,165711,new,165711,sell,limit,1796200,800
14490166141195,D,165655,cancel,165655,,,,
14491460261045,A,166303,new,166303,buy,limit,1795900,800
14491519010835,D,166303,cancel,166303,,,,
14492459110857,A,166539,new,166539,buy,limit,1793600,100
14492909102134,A,166599,new,166599,buy,limit,1795900,800
14493626091611,D,166599,cancel,166599,,,,
14494950008290,D,164135,cancel,161767,,,,
14495070806132,A,167023,new,167023,buy,limit,1795000,1600
14497715237483,D,129211,cancel,129211,,,,
14497715256220,A,167443,new,167443,sell,limit,1796200,1600
14497835706539,A,167447,new,167447,sell,limit,1796100,800
14497835804514,D,161679,cancel,161679,,,,
14500579002383,X,164951,modify,164951,,,,500
14500721491551,A,167875,new,167875,buy,limit,1730000,1
14504855424880,D,167447,cancel,167447,,,,
14504859419121,D,167443,cancel,167443,,,,
14504964355458,A,169367,new,169367,sell,limit,1796200,1600
14505002961208,A,169399,new,169399,sell,limit,1796100,800
14505104288879,D,169399,cancel,169399,,,,
14505108311414,D,169367,cancel,169367,,,,
14505209470900,A,169571,new,169571,sell,limit,1797000,1600
14505413243714,D,167875,cancel,167875,,,,
14506701428457,D,169571,cancel,169571,,,,
14506701445971,A,170355,new,170355,sell,limit,1796200,1600
14506723505455,A,170451,new,170451,sell,limit,1796100,800
14507406070183,D,170451,cancel,170451,,,,
14507410067707,D,170355,cancel,170355,,,,
14507462236214,U,167023,modify,167023,,,1795800,1600
14507536893328,A,170799,new,170799,sell,limit,1797000,1600
14508454346329,A,171043,new,171043,buy,limit,1795900,800
14508928014385,D,171043,cancel,171043,,,,
14509090651188,A,171171,new,171171,buy,limit,1795900,800
14510462694250,D,165711,cancel,165711,,,,
14510466686934,D,164139,cancel,164139,,,,
14510478103732,A,171643,new,171643,sell,limit,1796300,800
14510567582743,A,171687,new,171687,sell,limit,1797100,1600
14514027852606,D,171171,cancel,171171,,,,
14514032098579,D,171687,cancel,171687,,,,
14514032112279,A,172467,new,172467,sell,limit,1796300,1600
14514033137261,D,170787,cancel,167023,,,,
14514048319727,A,172479,new,172479,sell,limit,1796200,800
14514171737472,A,172495,new,172495,buy,limit,1795000,1600
14516867267131,D,170799,cancel,170799,,,,
14516867284486,A,172907,new,172907,sell,limit,1796200,1600
14516936201519,A,172919,new,172919,sell,limit,1796100,800
14516936296752,D,171643,cancel,171643,,,,
14517029304428,D,172919,cancel,172919,,,,
14517033323088,D,172907,cancel,172907,,,,
14517199621492,A,172955,new,172955,sell,limit,1797000,1600
14519416011734,D,172955,cancel,172955,,,,
14519416037759,A,173463,new,173463,sell,limit,1796200,1600
14519422961299,D,164951,cancel,164951,,,,
14519435469696,A,173471,new,173471,sell,limit,1796100,800
14519438939847,A,173475,new,173475,buy,limit,1795700,800
14519565677165,D,173471,cancel,173471,,,,
14519569684696,D,173463,cancel,173463,,,,
14519579907741,A,173491,new,173491,buy,limit,1795800,800
14519670797064,A,173499,new,173499,sell,limit,1797000,1600
14520297431379,D,173499,cancel,173499,,,,
14520297447976,A,173707,new,173707,sell,limit,1796200,1600
14520318588394,A,173715,new,173715,sell,limit,1796100,800
14520620745329,D,173491,cancel,173491,,,,
14521063827365,A,174135,new,174135,buy,limit,1730000,1
14521136312148,D,173475,cancel,173475,,,,
14521140324545,D,164179,cancel,157451,,,,
14521156411016,A,174155,new,174155,buy,limit,1795600,800
14521241065865,A,174227,new,174227,buy,limit,1794900,1600
14522006076975,A,174347,new,174347,buy,limit,1795700,1600
14522006109297,D,174227,cancel,174227,,,,
14522017822334,A,174371,new,174371,buy,limit,1795700,800
14522621086717,D,174135,cancel,174135,,,,
14522791420192,D,174371,cancel,174371,,,,
14522795425080,D,174347,cancel,174347,,,,
14522902731880,A,174771,new,174771,buy,limit,1794900,1600
14523136031050,D,154039,cancel,154039,,,,
14523136048230,A,174939,new,174939,sell,limit,1796100,1600
14523513376138,A,175155,new,175155,sell,limit,1796000,800
14523513480024,D,172479,cancel,172479,,,,
14526504097082,D,175155,cancel,175155,,,,
14526508098445,D,174939,cancel,174939,,,,
14526670799181,A,175611,new,175611,sell,limit,1796900,1600
14526834568747,D,175611,cancel,175611,,,,
14526854293812,A,175623,new,175623,sell,limit,1796000,800
14527003811684,A,175663,new,175663,sell,limit,1796100,1600
14528769534761,D,175623,cancel,175623,,,,
14528773533456,D,175663,cancel,175663,,,,
14528927021440,A,175963,new,175963,sell,limit,1796900,1600
14529314322961,A,176047,new,176047,buy,limit,1795700,800
14530772250963,A,176155,new,176155,buy,limit,1795700,1600
14530772265047,D,174771,cancel,174771,,,,
14530788868951,A,176163,new,176163,buy,limit,1795800,800
14530788948739,D,174155,cancel,174155,,,,
14530906985876,D,176163,cancel,176163,,,,
14533589604511,A,176871,new,176871,buy,limit,1730000,1
14533694429766,D,176047,cancel,176047,,,,
14533694596377,D,176155,cancel,176155,,,,
14533699336466,A,176887,new,176887,sell,limit,1796100,2500
14533699353313,D,175963,cancel,175963,,,,
14533720416157,A,176895,new,176895,sell,limit,1796000,800
14533723827548,A,176899,new,176899,buy,limit,1795600,800
14533798865351,A,176915,new,176915,buy,limit,1794900,1600
14534678193859,D,176895,cancel,176895,,,,
14534682200678,D,176887,cancel,176887,,,,
14534682746546,A,177147,new,177147,buy,limit,1795700,1600
14534682761693,D,176915,cancel,176915,,,,
14534693912825,A,177155,new,177155,buy,limit,1795700,800
14534786891964,A,177171,new,177171,sell,limit,1796900,1600
14536381249388,D,177155,cancel,177155,,,,
14536385253645,D,177147,cancel,177147,,,,
14536485616613,A,177523,new,177523,buy,limit,1794900,1600
14537517516967,D,177171,cancel,177171,,,,
14537517534996,A,177803,new,177803,sell,limit,1796100,1600
14537580233384,A,177823,new,177823,sell,limit,1796000,800
14539029796662,D,176871,cancel,176871,,,,
14540739235043,D,176899,cancel,176899,,,,
14540768058318,A,178623,new,178623,buy,limit,1795600,800
14541455495319,D,177823,cancel,177823,,,,
14541459492041,D,177803,cancel,177803,,,,
14541577211943,A,178731,new,178731,sell,limit,1796100,1600
14541640901645,A,178735,new,178735,sell,limit,1796000,800
14544280381648,D,178623,cancel,178623,,,,
14544284389375,D,128695,cancel,128695,,,,
14544300831226,A,179227,new,179227,buy,limit,1795500,800
14544348870402,A,179271,new,179271,buy,limit,1795600,800
14544416873434,A,179371,new,179371,buy,limit,1794800,1600
14544635041646,D,179271,cancel,179271,,,,
14545159228097,A,179555,new,179555,buy,limit,1795600,800
14545829391650,D,179555,cancel,179555,,,,
14545857116907,A,179583,new,179583,buy,limit,1795600,800
14550871827492,U,179371,modify,179371,,,1795600,1600
14552433522242,D,154047,cancel,154047,,,,
14552433541440,A,181099,new,181099,sell,limit,1796000,1600
14552450034067,A,181103,new,181103,sell,limit,1795900,800
14552450144087,D,173715,cancel,173715,,,,
14553618202324,D,181103,cancel,181103,,,,
14554685873257,A,181235,new,181235,buy,limit,1730000,1
14555797943908,D,181235,cancel,181235,,,,
14556241712182,A,181643,new,181643,buy,limit,1795700,1600
14556241731485,D,177523,cancel,177523,,,,
14556569807375,D,181643,cancel,181643,,,,
14556670261926,A,181711,new,181711,buy,limit,1794900,1600
14558140730370,A,181871,new,181871,sell,limit,1795900,800
14558564145328,D,181871,cancel,181871,,,,
14558804076424,A,182031,new,182031,sell,limit,1795900,800
14562468263196,D,179583,cancel,179583,,,,
14564860702942,X,182031,modify,182031,,,,500
14564875239275,A,187379,new,187379,buy,limit,1795600,800
14568620433574,D,187379,cancel,187379,,,,
14570986533411,A,188355,new,188355,buy,limit,1795600,800
14572180654962,D,188355,cancel,188355,,,,
14573637951434,A,188803,new,188803,buy,limit,1795600,800
14578354615549,D,188803,cancel,188803,,,,
14578354626711,D,179227,cancel,179227,,,,
14578358917265,D,154671,cancel,154671,,,,
14578358943172,A,189947,new,189947,sell,limit,1795900,1600
14578381747502,D,189947,cancel,189947,,,,
14578577207004,A,189955,new,189955,sell,limit,1796700,1600
14578734943573,D,182031,cancel,182031,,,,
14578749389530,A,189991,new,189991,buy,limit,1795600,800
14578751175804,A,189995,new,189995,sell,limit,1795900,800
14580214709008,D,189995,cancel,189995,,,,
14580309556010,A,190615,new,190615,sell,limit,1795900,800
14582764040578,D,189991,cancel,189991,,,,
14583106894781,A,192651,new,192651,buy,limit,1795600,800
14583245285337,D,190615,cancel,190615,,,,
14583245718370,U,181711,modify,181711,,,1795700,2500
14583250792549,D,178735,cancel,178735,,,,
14583251176363,D,181099,cancel,181099,,,,
14583262820779,A,192715,new,192715,buy,limit,1795700,800
14583271070055,A,192723,new,192723,sell,limit,1796100,800
14583416875652,A,192747,new,192747,sell,limit,1796800,1600
14583560553057,A,192839,new,192839,sell,limit,1796000,800
14585811587921,D,192715,cancel,192715,,,,
14585992065225,A,194251,new,194251,buy,limit,1795700,800
14586331584171,D,194251,cancel,194251,,,,
14586866885813,A,194351,new,194351,buy,limit,1795700,800
14587552901988,D,194351,cancel,194351,,,,
14588187608099,A,194803,new,194803,buy,limit,1795700,800
14588372617483,D,192839,cancel,192839,,,,
14588503754145,U,172495,modify,172495,,,1795800,1600
14588514718432,A,195271,new,195271,buy,limit,1795800,800
14588514859984,D,192651,cancel,192651,,,,
14590016370437,X,192723,modify,192723,,,,500
14590017242091,D,178731,cancel,178731,,,,
14590017598099,D,192723,cancel,192723,,,,
14590020886562,A,195843,new,195843,buy,limit,1795900,2500
14590020903688,D,156951,cancel,156951,,,,
14590021568897,D,173707,cancel,173707,,,,
14590033139464,A,195875,new,195875,buy,limit,1795900,800
14590033256747,D,194803,cancel,194803,,,,
14590041871194,A,195891,new,195891,sell,limit,1796200,800
14590119444546,A,195919,new,195919,sell,limit,1796900,1600
14590327205148,A,195959,new,195959,sell,limit,1797000,1600
14591005283414,D,195875,cancel,195875,,,,
14591403056182,D,195959,cancel,195959,,,,
14591403070796,A,196371,new,196371,sell,limit,1796200,1600
14591404117005,D,195843,cancel,195843,,,,
14591419680588,A,196387,new,196387,sell,limit,1796100,800
14591536898808,A,196411,new,196411,buy,limit,1795100,1600
14592110406123,X,196387,modify,196387,,,,500
14592111354430,D,196387,cancel,196387,,,,
14592115221930,U,196411,modify,196411,,,1795900,1600
14592115369094,D,196371,cancel,196371,,,,
14592126434976,A,196787,new,196787,buy,limit,1795900,800
14592270799539,A,196887,new,196887,sell,limit,1797000,1600
14592297065089,D,196787,cancel,196787,,,,
14592297079710,D,195271,cancel,195271,,,,
14592308852517,D,196887,cancel,196887,,,,
14592309538692,D,196779,cancel,196411,,,,
14592309554053,A,196911,new,196911,sell,limit,1796200,2500
14592326124750,A,196923,new,196923,buy,limit,1795800,800
14592410535599,A,196955,new,196955,buy,limit,1795100,1600
14592775566355,D,196923,cancel,196923,,,,
14592779561192,D,195263,cancel,172495,,,,
14592790293754,A,197095,new,197095,sell,limit,1796100,800
14592795726811,A,197099,new,197099,buy,limit,1795700,800
14592879772021,A,197103,new,197103,buy,limit,1795000,1600
14593028410279,A,197139,new,197139,buy,limit,1795800,800
14593183178930,D,197139,cancel,197139,,,,
14595870015306,D,197099,cancel,197099,,,,
14595873474843,D,195919,cancel,195919,,,,
14595873493158,A,197675,new,197675,sell,limit,1796100,1600
14595889955228,A,197687,new,197687,sell,limit,1796000,800
14595890048077,D,195891,cancel,195891,,,,
14598359450201,D,192747,cancel,192747,,,,
14598359468406,A,198115,new,198115,sell,limit,1796000,1600
14603329838123,D,192699,cancel,181711,,,,
14603341380819,A,199259,new,199259,sell,limit,1795900,800
14603341487060,D,197095,cancel,197095,,,,
14603346074434,A,199263,new,199263,buy,limit,1795600,800
14603433522149,A,199327,new,199327,buy,limit,1794900,1600
14606679796698,D,199259,cancel,199259,,,,
14606695386794,A,200159,new,200159,sell,limit,1795900,800
14607912252749,D,199263,cancel,199263,,,,
14607916643967,D,189955,cancel,189955,,,,
14607916663492,A,200639,new,200639,sell,limit,1795900,1600
14608230773037,D,200639,cancel,200639,,,,
14608413529519,A,200835,new,200835,sell,limit,1796700,1600
14608498826438,D,200835,cancel,200835,,,,
14608664856922,A,200883,new,200883,sell,limit,1795900,1600
14609769402370,A,201007,new,201007,sell,limit,1795800,800
14609769529923,D,197687,cancel,197687,,,,
14611541174216,D,180683,cancel,179371,,,,
14611545765728,A,201611,new,201611,sell,limit,1795800,2500
14611545782790,D,156763,cancel,156763,,,,
14611566193927,A,201643,new,201643,sell,limit,1795700,800
14611566303576,D,200159,cancel,200159,,,,
14611570139867,A,201647,new,201647,buy,limit,1795500,800
14611666171447,A,201695,new,201695,buy,limit,1794800,1600
14612338772233,D,201647,cancel,201647,,,,
14612338951666,D,128799,cancel,128799,,,,
14612345931634,D,157275,cancel,157275,,,,
14612345953228,A,201839,new,201839,sell,limit,1795700,1600
14612440181330,A,201931,new,201931,buy,limit,1794700,1600
14613130323069,D,128907,cancel,128907,,,,
14613146772434,A,202259,new,202259,buy,limit,1795300,800
14613255853563,A,202279,new,202279,buy,limit,1795400,1600
14613256039975,D,201839,cancel,201839,,,,
14613416871953,A,202303,new,202303,sell,limit,1796500,1600
14613691248853,A,202391,new,202391,buy,limit,1795400,800
14613709138540,D,201643,cancel,201643,,,,
14613921024101,A,202423,new,202423,buy,limit,1795500,800
14613921144020,D,202259,cancel,202259,,,,
14614893313205,D,202423,cancel,202423,,,,
14615282450308,D,202391,cancel,202391,,,,
14615296906847,A,202835,new,202835,sell,limit,1795700,800
14615429635336,A,202863,new,202863,buy,limit,1795400,800
14616891909170,D,202863,cancel,202863,,,,
14617051269014,A,203323,new,203323,buy,limit,1795400,800
14617415593064,D,203323,cancel,203323,,,,
14618377187629,D,202835,cancel,202835,,,,
14618391732310,A,203947,new,203947,buy,limit,1795400,800
14620243659147,A,204339,new,204339,buy,limit,1795500,800
14620278196359,D,201007,cancel,201007,,,,
14620281582104,A,204363,new,204363,buy,limit,1795500,1600
14620281599525,D,201931,cancel,201931,,,,
14620281948603,D,201611,cancel,201611,,,,
14620299055436,A,204415,new,204415,sell,limit,1795900,800
14620382029912,A,204447,new,204447,sell,limit,1796600,1600
14621009843720,A,204695,new,204695,sell,limit,1795800,800
14623119654347,D,204695,cancel,204695,,,,
14624300092576,A,205471,new,205471,sell,limit,1795800,800
14624426185888,D,205471,cancel,205471,,,,
14625378005797,D,204339,cancel,204339,,,,
14625381863703,D,204363,cancel,204363,,,,
14625382505989,D,204447,cancel,204447,,,,
14625382520736,A,205719,new,205719,sell,limit,1795800,1600
14625406651263,A,205731,new,205731,sell,limit,1795700,800
14625486840833,A,205755,new,205755,buy,limit,1794700,1600
14625988870415,D,205731,cancel,205731,,,,
14626005025203,A,205823,new,205823,sell,limit,1795800,800
14626304570428,A,205863,new,205863,sell,limit,1795700,800
14626304691112,D,204415,cancel,204415,,,,
14627175818384,D,205863,cancel,205863,,,,
14627288069376,A,205927,new,205927,sell,limit,1795700,800
14628767693327,D,202303,cancel,202303,,,,
14628767711862,A,206079,new,206079,sell,limit,1795700,1600
14628779725286,D,206079,cancel,206079,,,,
14629003633958,A,206099,new,206099,sell,limit,1796500,1600
14631100276250,D,203947,cancel,203947,,,,
14631104254793,D,206099,cancel,206099,,,,
14631104272604,A,206519,new,206519,sell,limit,1795700,1600
14631205165746,D,206519,cancel,206519,,,,
14631305827185,A,206567,new,206567,sell,limit,1796500,1600
14632244083925,U,205755,modify,205755,,,1795500,2500
14632244105497,D,205927,cancel,205927,,,,
14632244118207,D,205823,cancel,205823,,,,
14632259684382,A,206655,new,206655,buy,limit,1795500,800
14632273222222,A,206659,new,206659,sell,limit,1795800,800
14632424143411,D,205719,cancel,205719,,,,
14632424154316,D,200883,cancel,200883,,,,
14632424159502,D,206659,cancel,206659,,,,
14632453067941,A,206703,new,206703,sell,limit,1795900,800
14632533648455,A,206711,new,206711,sell,limit,1795900,1600
14632786892338,A,206719,new,206719,sell,limit,1796600,1600
14633882953736,D,206711,cancel,206711,,,,
14633885296616,D,206703,cancel,206703,,,,
14633887848414,U,201695,modify,201695,,,1795600,1600
14633888153509,U,199327,modify,199327,,,1795700,2500
14633897056078,D,207207,cancel,199327,,,,
14633903800622,D,207203,cancel,201695,,,,
14633911430812,A,207267,new,207267,sell,limit,1795900,800
14633983797696,A,207355,new,207355,sell,limit,1795900,1600
14634112012094,A,207415,new,207415,buy,limit,1794900,1600
14634312155540,A,207455,new,207455,buy,limit,1794800,1600
14634550894351,A,207487,new,207487,sell,limit,1795800,800
14635583030135,D,206655,cancel,206655,,,,
14635587025708,D,206639,cancel,205755,,,,
14635603257371,A,207683,new,207683,buy,limit,1795400,800
14635769930331,A,207695,new,207695,buy,limit,1794700,1600
14636040576712,A,207867,new,207867,buy,limit,1795500,800
14637058446990,D,207867,cancel,207867,,,,
14637252292178,U,207695,modify,207695,,,1795500,1600
14637263564845,A,208163,new,208163,buy,limit,1795500,800
14637443998740,D,208163,cancel,208163,,,,
14637448017479,D,208159,cancel,207695,,,,
14637577211752,A,208219,new,208219,buy,limit,1794700,1600
14639815367738,D,206719,cancel,206719,,,,
14639815383807,A,208443,new,208443,sell,limit,1795800,1600
14639836779852,A,208447,new,208447,sell,limit,1795700,800
14639836907804,D,207267,cancel,207267,,,,
14640574375317,D,207683,cancel,207683,,,,
14640578598598,D,206567,cancel,206567,,,,
14640578621406,A,208615,new,208615,sell,limit,1795700,1600
14640579320085,D,202279,cancel,202279,,,,
14640603078347,A,208631,new,208631,buy,limit,1795300,800
14640683030220,A,208639,new,208639,buy,limit,1794600,1600
14641235062951,A,208771,new,208771,sell,limit,1795600,800
14641235170732,D,207487,cancel,207487,,,,
14641337598699,D,208631,cancel,208631,,,,
14641341816358,D,161671,cancel,161671,,,,
14641341833529,A,208967,new,208967,sell,limit,1795600,1600
14641362506587,A,208999,new,208999,sell,limit,1795500,800
14641362606475,D,208447,cancel,208447,,,,
14641393498333,D,154087,cancel,154087,,,,
14641410150835,A,209031,new,209031,buy,limit,1795200,800
14641424986088,D,208999,cancel,208999,,,,
14641441078216,A,209039,new,209039,sell,limit,1795500,800
14641497375578,A,209063,new,209063,buy,limit,1794500,1600
14642227815122,D,209031,cancel,209031,,,,
14642231810618,D,154683,cancel,154683,,,,
14642232338402,A,209335,new,209335,sell,limit,1795500,2500
14642232355098,D,172467,cancel,172467,,,,
14642257568981,A,209415,new,209415,buy,limit,1795100,800
14642332933094,A,209487,new,209487,buy,limit,1794400,1600
14642399231858,D,209415,cancel,209415,,,,
14642608847437,D,196911,cancel,196911,,,,
14642608864044,A,209603,new,209603,sell,limit,1795400,1600
14642620812557,A,209647,new,209647,sell,limit,1795400,800
14642620828824,D,208771,cancel,208771,,,,
14642783633217,A,209811,new,209811,sell,limit,1795300,800
14642783742524,D,209039,cancel,209039,,,,
14643056812918,D,209811,cancel,209811,,,,
14643128761751,A,209983,new,209983,sell,limit,1795300,800
14643216364263,D,209983,cancel,209983,,,,
14643230476556,D,209603,cancel,209603,,,,
14643416873678,A,210111,new,210111,sell,limit,1796200,1600
14644183020679,D,209647,cancel,209647,,,,
14644199600865,A,210291,new,210291,buy,limit,1795100,800
14644199620206,A,210295,new,210295,sell,limit,1795500,800
14644301052076,A,210463,new,210463,buy,limit,1795200,800
14645240108390,D,210463,cancel,210463,,,,
14645497224082,A,210763,new,210763,buy,limit,1795200,800
14645885119221,D,210763,cancel,210763,,,,
14646073110367,U,209487,modify,209487,,,1795200,1600
14646084231211,A,210819,new,210819,buy,limit,1795200,800
14646901348776,D,210295,cancel,210295,,,,
14646905367623,D,209335,cancel,209335,,,,
14646926402846,A,211023,new,211023,sell,limit,1795600,800
14647035623499,A,211047,new,211047,sell,limit,1796300,1600
14648508041269,A,211379,new,211379,buy,limit,1795300,800
14648508161160,D,210291,cancel,210291,,,,
14648829685628,D,208967,cancel,208967,,,,
14648830105063,A,211463,new,211463,buy,limit,1795300,1600
14648830122602,D,209063,cancel,209063,,,,
14648865108362,D,211379,cancel,211379,,,,
14648930244819,A,211531,new,211531,sell,limit,1796400,1600
14649235688504,D,211531,cancel,211531,,,,
14649235703560,A,211675,new,211675,sell,limit,1795600,1600
14649235920679,D,211463,cancel,211463,,,,
14649336067857,A,211683,new,211683,buy,limit,1794500,1600
14650086886553,D,211023,cancel,211023,,,,
14650089254805,D,211675,cancel,211675,,,,
14650090465464,A,211751,new,211751,buy,limit,1795300,1600
14650090481775,D,211683,cancel,211683,,,,
14650101491367,A,211755,new,211755,buy,limit,1795300,800
14650102121221,A,211759,new,211759,sell,limit,1795600,800
14650209518701,A,211763,new,211763,sell,limit,1796400,1600
14650712431092,D,211759,cancel,211759,,,,
14650728532616,A,211799,new,211799,sell,limit,1795700,800
14650746213171,A,211843,new,211843,buy,limit,1795400,1600
14650746228910,D,208639,cancel,208639,,,,
14650746992804,D,208615,cancel,208615,,,,
14650870798937,A,211887,new,211887,sell,limit,1795700,1600
14651098357627,D,211843,cancel,211843,,,,
14651129115745,A,211915,new,211915,sell,limit,1795600,800
14651209540883,A,211923,new,211923,buy,limit,1794600,1600
14652192778767,D,211915,cancel,211915,,,,
14652224233153,A,212043,new,212043,sell,limit,1795600,800
14652516747991,D,211755,cancel,211755,,,,
14652520867300,D,211763,cancel,211763,,,,
14652520886227,A,212171,new,212171,sell,limit,1795600,1600
14653335989298,D,212171,cancel,212171,,,,
14653435992838,A,212271,new,212271,sell,limit,1796400,1600
14653625454044,D,212271,cancel,212271,,,,
14653670798123,A,212283,new,212283,sell,limit,1795600,1600
14655272678809,D,211751,cancel,211751,,,,
14655416882243,A,212523,new,212523,buy,limit,1794500,1600
14656687124579,D,212283,cancel,212283,,,,
14656687140111,D,212043,cancel,212043,,,,
14656691547219,A,212903,new,212903,buy,limit,1795300,1600
14656691561017,D,212523,cancel,212523,,,,
14656703270454,A,212919,new,212919,buy,limit,1795300,800
14656715655441,A,212923,new,212923,sell,limit,1795600,800
14656788008660,A,212943,new,212943,sell,limit,1796400,1600
14656978127415,D,212919,cancel,212919,,,,
14658677160674,A,213247,new,213247,buy,limit,1795300,800
14661763833463,D,213247,cancel,213247,,,,
14662413379013,D,212943,cancel,212943,,,,
14662413397333,A,213923,new,213923,sell,limit,1795600,1600
14666339493617,D,212903,cancel,212903,,,,
14666440196163,A,214963,new,214963,buy,limit,1794500,1600
14667346376251,A,215047,new,215047,sell,limit,1795500,800
14667346492332,D,211799,cancel,211799,,,,
14680423884254,D,215047,cancel,215047,,,,
14682470361948,A,218491,new,218491,sell,limit,1795500,800
14686093108719,D,218491,cancel,218491,,,,
14689765559396,A,220195,new,220195,sell,limit,1795500,800
14693160186492,D,220195,cancel,220195,,,,
14693321383140,A,220727,new,220727,sell,limit,1795500,800
14695078075661,D,220727,cancel,220727,,,,
14696748759690,A,221587,new,221587,sell,limit,1795500,800
14700409471719,D,210807,cancel,209487,,,,
14700409485588,D,210819,cancel,210819,,,,
14700413841589,D,211047,cancel,211047,,,,
14700413856695,A,222183,new,222183,sell,limit,1795500,1600
14700435405477,A,222195,new,222195,sell,limit,1795400,800
14700435498020,D,212923,cancel,212923,,,,
14700444658861,A,222199,new,222199,buy,limit,1795100,800
14700485587007,D,222199,cancel,222199,,,,
14700488363320,D,196955,cancel,196955,,,,
14700488387058,A,222231,new,222231,sell,limit,1795400,2500
14700488400709,D,210111,cancel,210111,,,,
14700505562841,A,222263,new,222263,sell,limit,1795300,800
14700505663620,D,221587,cancel,221587,,,,
14700510361158,A,222279,new,222279,buy,limit,1794400,1600
14700759375209,A,222371,new,222371,buy,limit,1794300,1600
14702043543158,A,222531,new,222531,buy,limit,1795000,800
14702099022018,D,222531,cancel,222531,,,,
14702218090661,A,222743,new,222743,buy,limit,1795000,800
14703352313312,D,222743,cancel,222743,,,,
14703980630086,A,223159,new,223159,buy,limit,1795000,800
14704298193548,D,223159,cancel,223159,,,,
14704845244722,A,223675,new,223675,buy,limit,1795000,800
14705452556646,D,223675,cancel,223675,,,,
14707949695643,A,224639,new,224639,buy,limit,1795000,800
14708767416068,A,225215,new,225215,buy,limit,1795100,1600
14708767433781,D,222371,cancel,222371,,,,
14708998379354,D,222263,cancel,222263,,,,
14708999013388,D,222231,cancel,222231,,,,
14708999023051,D,222195,cancel,222195,,,,
14709015564919,A,225315,new,225315,buy,limit,1795100,800
14709024129787,A,225327,new,225327,sell,limit,1795500,800
14709099553173,A,225411,new,225411,sell,limit,1796200,1600
14709429283420,A,225591,new,225591,buy,limit,1795200,800
14709429421477,D,224639,cancel,224639,,,,
14709673719929,D,225591,cancel,225591,,,,
14709881950509,A,225887,new,225887,buy,limit,1795200,800
14710143518763,D,225887,cancel,225887,,,,
14710428541080,A,226035,new,226035,sell,limit,1795400,800
14710749335146,D,225315,cancel,225315,,,,
14711177688385,A,226307,new,226307,buy,limit,1795100,800
14711178166928,D,226035,cancel,226035,,,,
14712308905013,A,226831,new,226831,sell,limit,1795400,800
14712956947209,D,226307,cancel,226307,,,,
14713072971196,A,226955,new,226955,buy,limit,1795100,800
14714012393249,D,226955,cancel,226955,,,,
14714910425703,A,227487,new,227487,buy,limit,1795100,800
14715059016822,D,227487,cancel,227487,,,,
14715063192715,D,225411,cancel,225411,,,,
14715063218355,A,227519,new,227519,sell,limit,1795400,1600
14715064780532,D,227519,cancel,227519,,,,
14715270805923,A,227643,new,227643,sell,limit,1796200,1600
14715694391498,D,227643,cancel,227643,,,,
14715694404863,A,227999,new,227999,sell,limit,1795400,1600
14715695398933,D,225215,cancel,225215,,,,
14715696344790,A,228007,new,228007,sell,limit,1795300,2500
14715697054111,D,228007,cancel,228007,,,,
14715711457059,A,228015,new,228015,sell,limit,1795300,800
14715711564005,D,225327,cancel,225327,,,,
14715734052924,A,228135,new,228135,buy,limit,1795000,800
14715821993741,A,228199,new,228199,buy,limit,1794300,1600
14716159914326,D,228135,cancel,228135,,,,
14716165314717,D,197675,cancel,197675,,,,
14716165332041,A,228523,new,228523,sell,limit,1795300,1600
14717076553304,D,197103,cancel,197103,,,,
14717092270288,A,228907,new,228907,buy,limit,1794900,800
14717184806812,A,228931,new,228931,buy,limit,1794200,1600
14717196488656,A,228951,new,228951,sell,limit,1795200,800
14717196604858,D,226831,cancel,226831,,,,
14717541632577,D,207415,cancel,207415,,,,
14717576856510,D,228951,cancel,228951,,,,
14717641764821,A,229063,new,229063,buy,limit,1794900,1600
14717962374947,D,228523,cancel,228523,,,,
14718062527214,A,229211,new,229211,sell,limit,1796100,1600
14718364892640,A,229531,new,229531,buy,limit,1795000,800
14718384032555,A,229543,new,229543,buy,limit,1795000,1600
14718384048168,D,228931,cancel,228931,,,,
14718545135704,D,229531,cancel,229531,,,,
14718857527988,A,229883,new,229883,buy,limit,1795000,800
14720746959133,D,229883,cancel,229883,,,,
14720886777808,A,230419,new,230419,buy,limit,1795100,800
14720886891658,X,228907,modify,228907,,,,500
14723644697353,D,229211,cancel,229211,,,,
14723644723630,A,231755,new,231755,sell,limit,1795300,1600
14723650514668,D,229543,cancel,229543,,,,
14723662202332,A,231799,new,231799,sell,limit,1795200,800
14723786893022,A,231895,new,231895,buy,limit,1794200,1600
14723923215231,D,229063,cancel,229063,,,,
14723923277388,D,230419,cancel,230419,,,,
14723923301187,D,228907,cancel,228907,,,,
14723952565151,A,232023,new,232023,buy,limit,1794900,500
14724024743882,A,232151,new,232151,buy,limit,1794900,1600
14724177680260,D,232151,cancel,232151,,,,
14724180677851,D,198115,cancel,198115,,,,
14724180691356,A,232299,new,232299,sell,limit,1795200,1600
14724203304534,D,232023,cancel,232023,,,,
14724218792416,A,232323,new,232323,buy,limit,1794800,500
14724275697970,A,232343,new,232343,sell,limit,1795100,800
14724275799461,D,228015,cancel,228015,,,,
14724277811201,A,232347,new,232347,buy,limit,1794100,1600
14724279068261,D,232343,cancel,232343,,,,
14724404748216,A,232407,new,232407,sell,limit,1795100,2500
14724404771562,D,207355,cancel,207355,,,,
14724409618447,D,232407,cancel,232407,,,,
14724511108768,A,232451,new,232451,sell,limit,1795100,800
14724519339243,A,232455,new,232455,buy,limit,1794900,500
14724567290532,D,232455,cancel,232455,,,,
14724612328000,A,232495,new,232495,sell,limit,1795900,1600
14725164739152,D,232495,cancel,232495,,,,
14725164756263,A,232827,new,232827,sell,limit,1795100,1600
14725705765018,D,232323,cancel,232323,,,,
14725709767277,D,207455,cancel,207455,,,,
14725739571910,A,233067,new,233067,buy,limit,1794700,800
14725748102055,A,233071,new,233071,sell,limit,1795000,800
14725748196118,D,231799,cancel,231799,,,,
14725828204150,A,233099,new,233099,buy,limit,1794000,1600
14726874792261,D,233067,cancel,233067,,,,
14726989517168,A,233727,new,233727,buy,limit,1794700,800
14727041324552,D,233727,cancel,233727,,,,
14727262917294,D,208443,cancel,208443,,,,
14727262939982,A,233915,new,233915,sell,limit,1795000,1600
14727302719580,A,233955,new,233955,buy,limit,1794700,800
14727719046504,D,233071,cancel,233071,,,,
14727723054845,D,233915,cancel,233915,,,,
14727823896326,A,234215,new,234215,sell,limit,1795800,1600
14727931865788,A,234275,new,234275,buy,limit,1794800,1600
14727931886406,D,233099,cancel,233099,,,,
14727938282187,D,232827,cancel,232827,,,,
14728063883565,A,234299,new,234299,sell,limit,1795900,1600
14728090762208,D,234299,cancel,234299,,,,
14728270797866,A,234383,new,234383,sell,limit,1795100,1600
14728339486638,D,234275,cancel,234275,,,,
14728439746545,A,234411,new,234411,buy,limit,1794000,1600
14728459426594,A,234415,new,234415,sell,limit,1795000,800
14729182423525,D,233955,cancel,233955,,,,
14729186792793,D,234215,cancel,234215,,,,
14729186810297,A,234671,new,234671,sell,limit,1795000,1600
14729208216517,A,234675,new,234675,sell,limit,1794900,800
14729208306407,D,232451,cancel,232451,,,,
14729273359777,D,208219,cancel,208219,,,,
14729273385770,A,234683,new,234683,sell,limit,1794900,2500
14729273397350,D,211887,cancel,211887,,,,
14729273612238,D,234675,cancel,234675,,,,
14729288936305,A,234711,new,234711,sell,limit,1794900,800
14729327461179,D,234683,cancel,234683,,,,
14729394346964,A,234755,new,234755,buy,limit,1793900,1600
14729486839968,A,234815,new,234815,sell,limit,1795700,1600
14730156220492,A,234943,new,234943,buy,limit,1794600,800
14730163686996,D,234943,cancel,234943,,,,
14730398599017,A,235119,new,235119,buy,limit,1794600,800
14730556173517,D,235119,cancel,235119,,,,
14731367233388,A,235587,new,235587,buy,limit,1794600,800
14731776700189,D,235587,cancel,235587,,,,
14732068479262,D,234815,cancel,234815,,,,
14732068505580,A,235739,new,235739,sell,limit,1794900,1600
14732070056908,D,211923,cancel,211923,,,,
14732086091146,A,235775,new,235775,buy,limit,1794500,800
14732170805365,A,235791,new,235791,buy,limit,1793800,1600
14732211490712,D,235739,cancel,235739,,,,
14732328202815,A,235915,new,235915,sell,limit,1795700,1600
14732416874492,U,235791,modify,235791,,,1794600,1600
14732659482713,A,235971,new,235971,buy,limit,1794600,800
14732665257580,D,235971,cancel,235971,,,,
14733069292201,A,236211,new,236211,buy,limit,1794600,800
14733518033213,X,235775,modify,235775,,,,500
14733533153457,A,236615,new,236615,buy,limit,1794700,500
14733533280936,D,235775,cancel,235775,,,,
14734196315437,D,236211,cancel,236211,,,,
14735499989017,E,234711,new,9000000000000000004,buy,market,,200
14736156513878,D,234711,cancel,234711,,,,
14736459468423,A,237639,new,237639,sell,limit,1794900,800
14737024359922,D,237639,cancel,237639,,,,
14737315090708,A,238171,new,238171,sell,limit,1794900,800
14737721295428,D,235915,cancel,235915,,,,
14737721321132,A,238511,new,238511,sell,limit,1794900,1600
14739547516530,D,235939,cancel,235791,,,,
14739548179633,D,236615,cancel,236615,,,,
14739559447807,A,238811,new,238811,sell,limit,1794800,800
14739559465306,D,234415,cancel,234415,,,,
14739563821142,A,238815,new,238815,buy,limit,1794600,500
14739670800532,A,238859,new,238859,buy,limit,1793800,1600
14739905218018,D,238811,cancel,238811,,,,
14740041199643,A,239003,new,239003,sell,limit,1794800,800
14740348375769,D,239003,cancel,239003,,,,
14740515864079,A,239359,new,239359,sell,limit,1794800,800
14742005118532,D,213923,cancel,213923,,,,
14742005136509,A,240107,new,240107,sell,limit,1794800,1600
14744072567393,D,214963,cancel,214963,,,,
14744172745815,A,241127,new,241127,buy,limit,1793700,1600
14744563171919,D,238815,cancel,238815,,,,
14744579576328,A,241207,new,241207,buy,limit,1794500,500
14746564043166,A,241927,new,241927,buy,limit,1794500,1600
14746564060439,D,241127,cancel,241127,,,,
14746683170882,A,242063,new,242063,buy,limit,1794600,500
14746740176723,D,240107,cancel,240107,,,,
14746823694896,D,239359,cancel,239359,,,,
14746828763100,D,238171,cancel,238171,,,,
14746833296824,U,238859,modify,238859,,,1794600,1600
14746840284053,A,242247,new,242247,sell,limit,1795600,1600
14746850521889,A,242263,new,242263,buy,limit,1794700,500
14746850627957,D,242063,cancel,242063,,,,
14746858798049,A,242271,new,242271,sell,limit,1794900,800
14747322639685,D,242263,cancel,242263,,,,
14747351336333,A,242531,new,242531,buy,limit,1794700,500
14747538228891,D,242235,cancel,238859,,,,
14747670797957,A,242639,new,242639,buy,limit,1793800,1600
14748093134842,U,242639,modify,242639,,,1794600,1600
14748997408560,D,242707,cancel,242639,,,,
14749014436308,D,242531,cancel,242531,,,,
14749014449245,D,241207,cancel,241207,,,,
14749030899207,A,242951,new,242951,sell,limit,1794800,800
14749042890189,A,242963,new,242963,buy,limit,1794600,500
14749097807405,A,242987,new,242987,buy,limit,1793800,1600
14750504823485,D,242247,cancel,242247,,,,
14750504841065,A,243575,new,243575,sell,limit,1794800,1600
14751063083262,D,241927,cancel,241927,,,,
14751158222032,A,243727,new,243727,sell,limit,1794700,800
14751158350351,D,242271,cancel,242271,,,,
14751207972114,A,243739,new,243739,buy,limit,1793700,1600
14751274285609,D,243727,cancel,243727,,,,
14751476717516,A,243791,new,243791,sell,limit,1794700,800
14752315345344,D,243791,cancel,243791,,,,
14752336912561,A,244051,new,244051,sell,limit,1794700,800
14752899995507,D,242963,cancel,242963,,,,
14753067375596,D,222279,cancel,222279,,,,
14753083509813,A,244407,new,244407,buy,limit,1794300,800
14753167894639,A,244471,new,244471,buy,limit,1793600,1600
14753779107790,U,244471,modify,244471,,,1794400,2500
14753790734626,A,244663,new,244663,buy,limit,1794400,800
14754358251452,D,244663,cancel,244663,,,,
14754358262790,D,244407,cancel,244407,,,,
14754362301406,D,244655,cancel,244471,,,,
14754362510968,D,222183,cancel,222183,,,,
14754362524717,A,244727,new,244727,sell,limit,1794700,1600
14754387853888,A,244735,new,244735,buy,limit,1794300,800
14754470797892,A,244803,new,244803,buy,limit,1793600,1600
14755404717209,D,227999,cancel,227999,,,,
14755404731372,A,245035,new,245035,sell,limit,1794600,1600
14755405251137,D,244735,cancel,244735,,,,
14755406031676,D,245035,cancel,245035,,,,
14755430583998,A,245075,new,245075,buy,limit,1794300,800
14755651021895,A,245163,new,245163,sell,limit,1795400,1600
14756222895527,A,245187,new,245187,buy,limit,1794400,800
14758967002719,U,244803,modify,244803,,,1794400,1600
14759393839191,D,245187,cancel,245187,,,,
14759397841306,D,245847,cancel,244803,,,,
14759498495371,A,246139,new,246139,buy,limit,1793600,1600
14760070155586,D,245075,cancel,245075,,,,
14760096348932,A,246503,new,246503,buy,limit,1794300,800
14760705811574,A,246779,new,246779,buy,limit,1794400,800
14761070878966,D,246779,cancel,246779,,,,
14761661792811,D,246503,cancel,246503,,,,
14761665884502,D,245163,cancel,245163,,,,
14761665898947,A,246959,new,246959,sell,limit,1794600,1600
14761677893616,A,246967,new,246967,sell,limit,1794600,800
14761677978765,D,242951,cancel,242951,,,,
14761870520528,D,228199,cancel,228199,,,,
14761886587053,A,247055,new,247055,buy,limit,1794200,800
14762003485921,A,247095,new,247095,buy,limit,1793500,1600
14762024711782,A,247103,new,247103,sell,limit,1794500,800
14762024846480,D,244051,cancel,244051,,,,
14763329592593,D,247055,cancel,247055,,,,
14763643792954,D,247103,cancel,247103,,,,
14763643806374,D,246967,cancel,246967,,,,
14763659983508,A,248019,new,248019,buy,limit,1794200,800
14763673530935,A,248023,new,248023,sell,limit,1794600,800
14763799192703,D,248019,cancel,248019,,,,
14763989630845,A,248115,new,248115,buy,limit,1794200,800
14763989647775,A,248119,new,248119,sell,limit,1794500,800
14764001651201,D,248115,cancel,248115,,,,
14764808855494,D,231895,cancel,231895,,,,
14764813744848,D,231755,cancel,231755,,,,
14764813758676,A,248295,new,248295,sell,limit,1794500,1600
14764818629302,D,248295,cancel,248295,,,,
14764837911187,A,248303,new,248303,buy,limit,1794100,800
14764913885144,A,248383,new,248383,buy,limit,1793400,1600
14764948710382,A,248399,new,248399,buy,limit,1794200,2500
14764948725908,D,248383,cancel,248383,,,,
14765033739578,A,248431,new,248431,sell,limit,1795300,1600
14765592210876,A,248551,new,248551,buy,limit,1794200,800
14765943902164,D,248119,cancel,248119,,,,
14766190552050,A,248603,new,248603,sell,limit,1794500,800
14766768726579,D,248603,cancel,248603,,,,
14766794687442,A,248675,new,248675,sell,limit,1794500,800
14766934479124,D,248675,cancel,248675,,,,
14767281251851,U,247095,modify,247095,,,1794300,1600
14767562770110,D,248779,cancel,247095,,,,
14767578415580,A,248859,new,248859,sell,limit,1794500,800
14767670806352,A,248903,new,248903,buy,limit,1793500,1600
14769184700025,D,248551,cancel,248551,,,,
14769526125198,A,249687,new,249687,buy,limit,1794200,800
14769634090116,D,249687,cancel,249687,,,,
14769649919372,A,249747,new,249747,buy,limit,1794200,800
14769670836037,D,249747,cancel,249747,,,,
14770532666048,A,249923,new,249923,buy,limit,1794200,800
14771345518789,D,249923,cancel,249923,,,,
14772349882018,A,250187,new,250187,buy,limit,1794200,800
14772501653305,D,250187,cancel,250187,,,,
14772525508976,A,250459,new,250459,buy,limit,1794200,800
14773056278450,D,248431,cancel,248431,,,,
14773056296250,A,250607,new,250607,sell,limit,1794500,1600
14773332657112,D,250459,cancel,250459,,,,
14774920496059,A,251471,new,251471,buy,limit,1794200,800
14776178739868,D,250607,cancel,250607,,,,
14776178985241,U,248903,modify,248903,,,1794300,2500
14776179473700,D,251775,cancel,248903,,,,
14776286894941,A,251847,new,251847,sell,limit,1795300,1600
14776416872170,A,251959,new,251959,buy,limit,1793500,1600
14778627405154,D,248859,cancel,248859,,,,
14778627417721,D,248023,cancel,248023,,,,
14778631755592,U,251959,modify,251959,,,1794300,1600
14778656538622,A,252599,new,252599,sell,limit,1794600,800
14778761473826,D,252595,cancel,251959,,,,
14778862056617,A,252683,new,252683,buy,limit,1793500,1600
14781405051684,A,253135,new,253135,sell,limit,1794500,800
14782425653016,D,251471,cancel,251471,,,,
14783229984666,A,253883,new,253883,buy,limit,1794200,800
14784264040435,D,253135,cancel,253135,,,,
14784559870416,U,252683,modify,252683,,,1794300,1600
14785139572533,D,254311,cancel,252683,,,,
14785239615523,A,254431,new,254431,buy,limit,1793500,1600
14786850524667,A,254859,new,254859,sell,limit,1794500,800
14787020146602,D,248399,cancel,248399,,,,
14787020147117,D,253883,cancel,253883,,,,
14787020160292,D,248303,cancel,248303,,,,
14787020166218,D,232347,cancel,232347,,,,
14787024854480,D,251847,cancel,251847,,,,
14787024871265,A,254911,new,254911,sell,limit,1794500,1600
14787042339193,A,254935,new,254935,sell,limit,1794400,800
14787042436369,D,252599,cancel,252599,,,,
14787048966432,A,254943,new,254943,buy,limit,1794100,800
14787124663928,A,255047,new,255047,buy,limit,1794100,1600
14787328203765,A,255435,new,255435,buy,limit,1793400,1600
14788703327490,A,255611,new,255611,sell,limit,1794400,2500
14788703344131,D,232299,cancel,232299,,,,
14790727644224,D,255611,cancel,255611,,,,
14790727659987,D,254935,cancel,254935,,,,
14790861355916,A,256351,new,256351,sell,limit,1795200,1600
14795969825398,D,255047,cancel,255047,,,,
14795970077542,D,254943,cancel,254943,,,,
14795973926688,A,258647,new,258647,sell,limit,1794400,2500
14795974005257,D,256351,cancel,256351,,,,
14795984222694,A,258683,new,258683,sell,limit,1794400,800
14795997680579,A,258711,new,258711,buy,limit,1794000,800
14796070802153,A,258819,new,258819,buy,limit,1794100,1600
14796263909612,D,258819,cancel,258819,,,,
14796382674513,A,259095,new,259095,buy,limit,1793300,1600
14797245221717,A,259415,new,259415,buy,limit,1794100,800
14797259477399,U,259095,modify,259095,,,1794100,1600
14797561559592,D,258683,cancel,258683,,,,
14797565564144,D,258647,cancel,258647,,,,
14797668858559,A,259575,new,259575,sell,limit,1795200,1600
14798227498583,A,259843,new,259843,sell,limit,1794400,800
14798380215940,D,259843,cancel,259843,,,,
14798497896424,A,259971,new,259971,sell,limit,1794400,800
14798791710609,D,259971,cancel,259971,,,,
14801316438401,A,261459,new,261459,sell,limit,1794400,800
14804572462523,A,262563,new,262563,buy,limit,1794200,100
14807998734740,D,261459,cancel,261459,,,,
14810197741718,D,259415,cancel,259415,,,,
14810201683573,D,259419,cancel,259095,,,,
14810213260367,A,264315,new,264315,sell,limit,1794400,800
14810302229777,A,264327,new,264327,buy,limit,1794100,1600
14810384277374,D,264315,cancel,264315,,,,
14811386297968,D,264327,cancel,264327,,,,
14811390432049,A,264651,new,264651,sell,limit,1794400,800
14811486840798,A,264679,new,264679,buy,limit,1793300,1600
14812038485698,D,259575,cancel,259575,,,,
14812038502950,A,264795,new,264795,sell,limit,1794400,1600
14815378906929,D,262563,cancel,262563,,,,
14815379992385,A,265343,new,265343,buy,limit,1794300,100
14816485127218,A,265599,new,265599,sell,limit,1794400,800
14816485252468,D,254859,cancel,254859,,,,
14816555634249,D,265599,cancel,265599,,,,
14820568558591,D,234383,cancel,234383,,,,
14820568581898,A,266375,new,266375,sell,limit,1794400,1600
14820650129775,D,258711,cancel,258711,,,,
14820650165337,X,266375,modify,266375,,,,900
14820665567584,A,266507,new,266507,sell,limit,1794400,800
14820706239896,D,266507,cancel,266507,,,,
14820786897398,A,266631,new,266631,sell,limit,1794400,1600
14820786934904,D,266631,cancel,266631,,,,
14821002918807,A,266687,new,266687,sell,limit,1794400,1600
14821002962244,D,266687,cancel,266687,,,,
14821095668099,A,266735,new,266735,sell,limit,1794400,800
14821101412595,D,266735,cancel,266735,,,,
14821203926095,A,266863,new,266863,sell,limit,1795100,1600
14821231879958,A,266887,new,266887,sell,limit,1794400,800
14821305105728,D,266887,cancel,266887,,,,
14822465324852,A,267383,new,267383,sell,limit,1794400,800
14822525777103,D,267383,cancel,267383,,,,
14823331385201,D,264651,cancel,264651,,,,
14823335589660,U,264679,modify,264679,,,1794100,1600
14823359159101,A,267903,new,267903,sell,limit,1794400,800
14825090299967,D,267879,cancel,264679,,,,
14825190603085,A,269307,new,269307,buy,limit,1793300,1600
14825555813562,U,269307,modify,269307,,,1794100,1600
14826602843571,D,267903,cancel,267903,,,,
14826606823432,D,266375,cancel,266375,,,,
14826606838285,D,264795,cancel,264795,,,,
14826622698879,A,270035,new,270035,sell,limit,1794500,800
14826753405402,A,270075,new,270075,sell,limit,1795200,1600
14829081765935,D,254911,cancel,254911,,,,
14829202418000,A,270899,new,270899,sell,limit,1795300,1600
14829210652242,U,255435,modify,255435,,,1794200,1600
14829524203423,D,270035,cancel,270035,,,,
14829528501285,U,254431,modify,254431,,,1794300,1600
14829553538298,A,271119,new,271119,sell,limit,1794600,800
14830422517454,A,271431,new,271431,sell,limit,1794500,800
14830531991048,D,271067,cancel,254431,,,,
14830632019976,A,271483,new,271483,buy,limit,1793500,1600
14832273850147,D,270899,cancel,270899,,,,
14832273874787,A,271911,new,271911,sell,limit,1794500,1600
14832347569596,D,271911,cancel,271911,,,,
14832486839427,A,271991,new,271991,sell,limit,1795300,1600
14835378080109,D,271431,cancel,271431,,,,
14835382083102,U,271483,modify,271483,,,1794300,1600
14838063825061,A,273907,new,273907,buy,limit,1794300,800
14838380170867,D,271119,cancel,271119,,,,
14840805146611,D,273907,cancel,273907,,,,
14840820535061,A,274731,new,274731,sell,limit,1794600,800
14840911274098,D,274731,cancel,274731,,,,
14840915253409,D,246959,cancel,246959,,,,
14840926434398,A,274783,new,274783,buy,limit,1794300,800
14840937497357,A,274791,new,274791,sell,limit,1794700,800
14841036033527,A,274903,new,274903,sell,limit,1795400,1600
14841415889414,D,274783,cancel,274783,,,,
14841419620063,A,275175,new,275175,sell,limit,1794600,2500
14841419635950,D,274903,cancel,274903,,,,
14841428043271,D,275175,cancel,275175,,,,
14841670798049,A,275287,new,275287,sell,limit,1795400,1600
14842014831374,A,275343,new,275343,buy,limit,1794300,800
14842111552676,D,275343,cancel,275343,,,,
14842496190849,A,275639,new,275639,sell,limit,1794600,800
14842510020552,D,275287,cancel,275287,,,,
14842510037798,A,275655,new,275655,sell,limit,1794600,1600
14843196177867,D,275639,cancel,275639,,,,
14843203604250,D,275655,cancel,275655,,,,
14843215301920,A,275943,new,275943,buy,limit,1794300,800
14843311637074,A,275987,new,275987,sell,limit,1795400,1600
14843663123215,D,275943,cancel,275943,,,,
14843667104560,A,276071,new,276071,sell,limit,1794600,2500
14843667128055,D,275987,cancel,275987,,,,
14843682886401,D,276071,cancel,276071,,,,
14843857019270,A,276099,new,276099,sell,limit,1794600,800
14843870798482,A,276103,new,276103,sell,limit,1795400,1600
14844395109842,D,276103,cancel,276103,,,,
14844395132916,A,276243,new,276243,sell,limit,1794600,1600
14845462303096,D,276099,cancel,276099,,,,
14845645565848,A,276487,new,276487,buy,limit,1794300,800
14845944680063,D,276487,cancel,276487,,,,
14846041460230,A,276695,new,276695,sell,limit,1794600,800
14846183934970,D,276695,cancel,276695,,,,
14846242198843,A,276731,new,276731,buy,limit,1794300,800
14846584085833,D,276243,cancel,276243,,,,
14846732908291,A,276783,new,276783,sell,limit,1795400,1600
14848478624105,D,276731,cancel,276731,,,,
14848494180697,A,277143,new,277143,sell,limit,1794600,800
14848710373176,D,277143,cancel,277143,,,,
14848725760501,A,277179,new,277179,buy,limit,1794300,800
14848730341463,D,277179,cancel,277179,,,,
14849539599614,A,277379,new,277379,buy,limit,1794300,800
14851844994426,D,277379,cancel,277379,,,,
14851848593513,A,277927,new,277927,sell,limit,1794600,2500
14851848611149,D,276783,cancel,276783,,,,
14851856809550,D,277927,cancel,277927,,,,
14851896125737,A,277935,new,277935,sell,limit,1794600,800
14851903763577,D,277935,cancel,277935,,,,
14851949842573,A,277979,new,277979,sell,limit,1794600,800
14851957806764,D,277979,cancel,277979,,,,
14852049314277,A,278019,new,278019,sell,limit,1795400,1600
14852164357204,A,278115,new,278115,buy,limit,1794300,800
14852994050783,D,278115,cancel,278115,,,,
14854078637923,D,278019,cancel,278019,,,,
14854078655153,A,278527,new,278527,sell,limit,1794600,1600
14854088347381,A,278559,new,278559,sell,limit,1794600,800
14856098734707,D,278559,cancel,278559,,,,
14856159375449,D,278527,cancel,278527,,,,
14856260358720,A,279391,new,279391,sell,limit,1795400,1600
14856405035861,A,279495,new,279495,buy,limit,1794300,800
14857678527883,D,279495,cancel,279495,,,,
14857682332877,A,279747,new,279747,sell,limit,1794600,2500
14857682349767,D,279391,cancel,279391,,,,
14857682778175,D,279747,cancel,279747,,,,
14857883354905,A,279791,new,279791,sell,limit,1795400,1600
14858073564478,A,279815,new,279815,sell,limit,1794600,2500
14858073580885,D,279791,cancel,279791,,,,
14858082127067,D,279815,cancel,279815,,,,
14858273822070,A,279839,new,279839,sell,limit,1795400,1600
14859270570646,A,280311,new,280311,buy,limit,1794300,800
14861505201698,D,280311,cancel,280311,,,,
14861738777344,A,281067,new,281067,buy,limit,1794300,800
14862802583851,D,274791,cancel,274791,,,,
14862806798193,U,246139,modify,246139,,,1794400,1600
14862818026463,A,281327,new,281327,buy,limit,1794400,800
14862830577647,A,281351,new,281351,sell,limit,1794700,800
14863080989294,D,281351,cancel,281351,,,,
14863081737147,D,244727,cancel,244727,,,,
14863109159630,D,243575,cancel,243575,,,,
14863111312210,A,281559,new,281559,sell,limit,1794800,800
14863120664049,A,281563,new,281563,buy,limit,1794500,800
14863120785517,D,281067,cancel,281067,,,,
14863142576379,D,281563,cancel,281563,,,,
14863182198033,A,281779,new,281779,sell,limit,1795500,1600
14863383134761,A,281943,new,281943,sell,limit,1795600,1600
14863437148897,D,281559,cancel,281559,,,,
14863441423771,U,243739,modify,243739,,,1794500,1600
14863467019304,A,281983,new,281983,sell,limit,1794900,800
14863509005348,A,282015,new,282015,buy,limit,1794500,800
14863768404758,A,282095,new,282095,sell,limit,1794800,800
14863892550971,D,282015,cancel,282015,,,,
14864055883115,D,282095,cancel,282095,,,,
14864071290287,A,282135,new,282135,buy,limit,1794500,800
14864170979502,A,282171,new,282171,sell,limit,1794800,800
14864576209175,D,282135,cancel,282135,,,,
14865004277401,D,281943,cancel,281943,,,,
14865004291805,A,282759,new,282759,sell,limit,1794800,1600
14865004845035,D,281979,cancel,243739,,,,
14865105000115,A,282811,new,282811,buy,limit,1793700,1600
14865728682033,D,282759,cancel,282759,,,,
14865728706611,D,282171,cancel,282171,,,,
14865728707531,A,282907,new,282907,buy,limit,1794500,2500
14865728720509,D,282811,cancel,282811,,,,
14865753111412,A,282927,new,282927,buy,limit,1794500,800
14865757723220,A,282931,new,282931,sell,limit,1794800,800
14865870806661,A,282939,new,282939,sell,limit,1795600,1600
14868991565999,D,282927,cancel,282927,,,,
14869415016014,D,282939,cancel,282939,,,,
14869415034718,A,283607,new,283607,sell,limit,1794800,1600
14869417743264,D,282907,cancel,282907,,,,
14869536890618,A,283667,new,283667,buy,limit,1793700,1600
14872661371048,A,284271,new,284271,sell,limit,1794700,800
14872661498623,D,281983,cancel,281983,,,,
14873024754590,D,281327,cancel,281327,,,,
14873028765059,D,281299,cancel,246139,,,,
14873029418479,D,281779,cancel,281779,,,,
14873029432887,A,284463,new,284463,sell,limit,1794700,1600
14873128893333,A,284515,new,284515,buy,limit,1793600,1600
14873365895258,A,284631,new,284631,buy,limit,1794300,800
14875103942018,D,284631,cancel,284631,,,,
14875120974611,A,285163,new,285163,sell,limit,1794600,800
14875121034798,D,282931,cancel,282931,,,,
14875223772018,D,285163,cancel,285163,,,,
14875978742226,A,285243,new,285243,buy,limit,1794300,800
14878324870019,D,285243,cancel,285243,,,,
14878340424783,A,285783,new,285783,buy,limit,1794300,800
14878424684421,D,285783,cancel,285783,,,,
14878604410407,A,285855,new,285855,buy,limit,1794300,800
14879166812741,A,285971,new,285971,buy,limit,1794400,800
14879408876511,D,285971,cancel,285971,,,,
14880901178612,D,285855,cancel,285855,,,,
14881004772366,A,286767,new,286767,buy,limit,1794300,800
14881162510685,D,286767,cancel,286767,,,,
14881900499003,A,287107,new,287107,buy,limit,1794300,800
14882116265501,D,287107,cancel,287107,,,,
14884192858230,A,287607,new,287607,buy,limit,1794300,800
14885110364188,D,287607,cancel,287607,,,,
14885888495745,D,279839,cancel,279839,,,,
14885888521715,A,287903,new,287903,sell,limit,1794600,1600
14885899490981,A,287907,new,287907,sell,limit,1794600,800
14888009104858,A,288603,new,288603,sell,limit,1794600,60
14890873724576,D,273151,cancel,271483,,,,
14890974418227,A,289131,new,289131,buy,limit,1793500,1600
14891200102310,A,289187,new,289187,sell,limit,1794500,800
14891200198430,D,284271,cancel,284271,,,,
14891373387070,D,289187,cancel,289187,,,,
14891377551487,U,289131,modify,289131,,,1794300,1600
14891377641961,D,289215,cancel,289131,,,,
14891670805543,A,289367,new,289367,buy,limit,1793500,1600
14891761299006,D,271991,cancel,271991,,,,
14891761314942,A,289531,new,289531,sell,limit,1794500,1600
14891765697291,A,289539,new,289539,sell,limit,1794500,800
14891948766762,D,289531,cancel,289531,,,,
14892070806967,A,289979,new,289979,sell,limit,1795300,1600
14893360988840,D,288603,cancel,288603,,,,
14894618734499,D,289539,cancel,289539,,,,
14894634490724,A,291251,new,291251,sell,limit,1794500,800
14897480503826,D,289979,cancel,289979,,,,
14897480530291,A,293063,new,293063,sell,limit,1794500,1600
14898077602673,D,293063,cancel,293063,,,,
14898178238214,A,293403,new,293403,sell,limit,1795300,1600
14906133440869,D,293403,cancel,293403,,,,
14906133458233,A,296267,new,296267,sell,limit,1794500,1600
14906135787277,D,296267,cancel,296267,,,,
14906364229036,A,296335,new,296335,sell,limit,1795300,1600
14906956075034,D,291251,cancel,291251,,,,
14906956089583,D,287907,cancel,287907,,,,
14906960902475,A,296463,new,296463,buy,limit,1794300,1600
14906960917953,D,289367,cancel,289367,,,,
14906985670075,A,296475,new,296475,sell,limit,1794600,800
14908022620849,D,296475,cancel,296475,,,,
14908026616959,D,287903,cancel,287903,,,,
14908043222567,A,296843,new,296843,sell,limit,1794700,800
14908102868796,A,296863,new,296863,buy,limit,1794300,800
14908129123690,A,296867,new,296867,sell,limit,1795400,1600
14908992162265,D,296863,cancel,296863,,,,
14909802485177,A,297203,new,297203,buy,limit,1794300,800
14910091728592,D,297203,cancel,297203,,,,
14911633329674,A,297923,new,297923,buy,limit,1794300,800
14911847184297,D,297923,cancel,297923,,,,
14913014161685,A,298451,new,298451,buy,limit,1794300,800
14913434048425,A,298567,new,298567,buy,limit,1794400,800
14914359938851,D,298567,cancel,298567,,,,
14914826182293,A,298875,new,298875,buy,limit,1794400,800
14915018516511,D,298875,cancel,298875,,,,
14915438163025,D,296843,cancel,296843,,,,
14915442385512,A,299043,new,299043,buy,limit,1794400,1600
14915442402554,D,284515,cancel,284515,,,,
14915442679987,D,284463,cancel,284463,,,,
14915453404271,A,299055,new,299055,buy,limit,1794400,800
14915466674396,A,299059,new,299059,sell,limit,1794800,800
14915552519145,A,299083,new,299083,sell,limit,1795500,1600
14916924567163,A,299483,new,299483,sell,limit,1794700,800
14917541431502,D,299483,cancel,299483,,,,
14917677335460,A,299843,new,299843,sell,limit,1794700,800
14917973126678,D,299843,cancel,299843,,,,
14922885180062,A,301079,new,301079,sell,limit,1794700,800
14923505686214,D,301079,cancel,301079,,,,
14925287176922,D,283607,cancel,283607,,,,
14925300392296,A,301663,new,301663,buy,limit,1794500,800
14925300511766,D,298451,cancel,298451,,,,
14925351230989,D,301663,cancel,301663,,,,
14925387625636,A,301723,new,301723,sell,limit,1795600,1600
14925481784899,A,301759,new,301759,buy,limit,1794500,800
14925512563422,D,301759,cancel,301759,,,,
14925784890923,D,299059,cancel,299059,,,,
14925788391352,A,301863,new,301863,buy,limit,1794500,1600
14925788415539,D,283667,cancel,283667,,,,
14925799428039,A,301887,new,301887,buy,limit,1794500,800
14925812346958,A,301907,new,301907,sell,limit,1794900,800
14925854090979,D,242987,cancel,242987,,,,
14925889184038,D,301887,cancel,301887,,,,
14925963343061,A,302087,new,302087,buy,limit,1794500,800
14925992389575,A,302099,new,302099,buy,limit,1793800,1600
14926256093031,A,302219,new,302219,sell,limit,1794800,800
14926529227856,D,302087,cancel,302087,,,,
14927111975881,D,301723,cancel,301723,,,,
14927111994245,A,302663,new,302663,sell,limit,1794800,1600
14928313020680,D,302663,cancel,302663,,,,
14928318707830,D,302219,cancel,302219,,,,
14928332948211,A,303131,new,303131,buy,limit,1794500,800
14928416872910,A,303159,new,303159,sell,limit,1795600,1600
14928587293212,X,301907,modify,301907,,,,500
14928590106117,U,302099,modify,302099,,,1794600,1600
14928591311476,D,238511,cancel,238511,,,,
14928786890421,A,303403,new,303403,sell,limit,1795700,1600
14929701724291,D,303403,cancel,303403,,,,
14929701749241,A,303667,new,303667,sell,limit,1794900,1600
14930327724224,D,303291,cancel,302099,,,,
14930341514753,A,303751,new,303751,sell,limit,1794800,800
14930433530126,A,303819,new,303819,buy,limit,1793800,1600
14930804235165,D,303131,cancel,303131,,,,
14930809042275,D,303159,cancel,303159,,,,
14930809058811,A,303951,new,303951,sell,limit,1794800,1600
14930810089889,D,301863,cancel,301863,,,,
14930926173423,A,304143,new,304143,buy,limit,1793700,1600
14932055969127,D,303951,cancel,303951,,,,
14932179761814,A,304895,new,304895,sell,limit,1795600,1600
14932535690105,D,304895,cancel,304895,,,,
14932535706406,A,304987,new,304987,sell,limit,1794800,1600
14936664673187,D,304987,cancel,304987,,,,
14936664862434,U,304143,modify,304143,,,1794500,1600
14936669392872,D,303751,cancel,303751,,,,
14936675628847,A,306387,new,306387,buy,limit,1794500,800
14936685822831,A,306391,new,306391,sell,limit,1794800,800
14936765297358,A,306411,new,306411,sell,limit,1795600,1600
14937899171084,D,306391,cancel,306391,,,,
14937905480718,U,303819,modify,303819,,,1794600,1600
14938449173979,D,306659,cancel,303819,,,,
14938460714061,A,306927,new,306927,sell,limit,1794800,800
14938577213535,A,306947,new,306947,buy,limit,1793800,1600
14938737445073,D,306927,cancel,306927,,,,
14939668667343,U,306947,modify,306947,,,1794600,1600
14940278008099,D,307347,cancel,306947,,,,
14940289777665,A,307539,new,307539,sell,limit,1794800,800
14940416881125,A,307559,new,307559,buy,limit,1793800,1600
14940566883984,D,306387,cancel,306387,,,,
14940570685585,D,306411,cancel,306411,,,,
14940570699298,A,307615,new,307615,sell,limit,1794800,1600
14940581564637,D,307615,cancel,307615,,,,
14940786897960,A,308011,new,308011,sell,limit,1795600,1600
14941097003815,D,308011,cancel,308011,,,,
14941097020362,A,308227,new,308227,sell,limit,1794800,1600
14941273842145,D,306367,cancel,304143,,,,
14941385768284,A,308299,new,308299,buy,limit,1793700,1600
14941486462689,D,299055,cancel,299055,,,,
14941490448151,D,299043,cancel,299043,,,,
14941490885811,D,299083,cancel,299083,,,,
14941490898781,A,308951,new,308951,sell,limit,1794700,1600
14941491829619,A,308999,new,308999,sell,limit,1794600,2500
14941497437345,D,296463,cancel,296463,,,,
14941531660218,A,309507,new,309507,sell,limit,1794600,800
14941531781428,D,301907,cancel,301907,,,,
14941542357966,D,296867,cancel,296867,,,,
14941594943419,A,310115,new,310115,buy,limit,1793600,1600
14941817038185,A,310435,new,310435,buy,limit,1793500,1600
14941828141238,A,310463,new,310463,sell,limit,1794500,800
14941828243812,D,307539,cancel,307539,,,,
14942037390240,D,310463,cancel,310463,,,,
14942382638360,A,310779,new,310779,sell,limit,1794500,800
14943540425211,D,310779,cancel,310779,,,,
14943910728571,U,310435,modify,310435,,,1794300,1600
14945110817250,D,311743,cancel,310435,,,,
14945211189491,A,312219,new,312219,buy,limit,1793500,1600
14945298181350,A,312307,new,312307,sell,limit,1794500,800
14945830595061,D,312307,cancel,312307,,,,
14945835534622,U,312219,modify,312219,,,1794300,1600
14946113573192,D,309507,cancel,309507,,,,
14946117568535,D,308999,cancel,308999,,,,
14946133261377,A,312667,new,312667,sell,limit,1794700,800
14946227798139,A,312751,new,312751,sell,limit,1795400,1600
14946448283748,A,312919,new,312919,sell,limit,1794600,800
14946750837803,D,312919,cancel,312919,,,,
14947894095296,A,313307,new,313307,sell,limit,1794600,800
14948232993829,A,313491,new,313491,sell,limit,1794600,65
14948886323611,D,313307,cancel,313307,,,,
14949002908616,A,313735,new,313735,sell,limit,1794600,800
14949414729105,D,312751,cancel,312751,,,,
14949414746490,A,313903,new,313903,sell,limit,1794600,1600
14951558498294,D,312475,cancel,312219,,,,
14951574109707,A,314819,new,314819,sell,limit,1794500,800
14951574234338,D,312667,cancel,312667,,,,
14951670797915,A,314851,new,314851,buy,limit,1793500,1600
14951906079075,D,314819,cancel,314819,,,,
14952021631100,A,314875,new,314875,sell,limit,1794500,800
14952061078082,D,314875,cancel,314875,,,,
14952065995263,U,314851,modify,314851,,,1794300,1600
14952993726022,D,314887,cancel,314851,,,,
14953097794117,A,315323,new,315323,buy,limit,1793500,1600
14953328214255,U,315323,modify,315323,,,1794300,1600
14954191735620,A,315559,new,315559,buy,limit,1780000,250
14954979303978,D,315415,cancel,315323,,,,
14954999250997,A,315707,new,315707,sell,limit,1794500,800
14955111948221,A,315727,new,315727,buy,limit,1793500,1600
14955312933910,D,296335,cancel,296335,,,,
14955312950542,A,315799,new,315799,sell,limit,1794500,1600
14955338602753,D,270911,cancel,255435,,,,
14955419952227,D,315799,cancel,315799,,,,
14955438887138,A,315907,new,315907,buy,limit,1793400,1600
14955520186651,A,315931,new,315931,sell,limit,1795300,1600
14956526730313,D,315931,cancel,315931,,,,
14956526755340,A,316215,new,316215,sell,limit,1794500,1600
14956546093409,D,316215,cancel,316215,,,,
14956751883271,A,316247,new,316247,sell,limit,1795300,1600
14956806723784,D,316247,cancel,316247,,,,
14956980369027,A,316295,new,316295,sell,limit,1794500,1600
14960187736203,A,317699,new,317699,buy,limit,1765000,100
14960407852009,D,316295,cancel,316295,,,,
14960536891300,A,317771,new,317771,sell,limit,1795300,1600
14961193003769,D,315707,cancel,315707,,,,
14961193016295,D,313735,cancel,313735,,,,
14961197425331,A,317947,new,317947,buy,limit,1794200,1600
14961197439316,D,315907,cancel,315907,,,,
14961221582394,A,317955,new,317955,sell,limit,1794600,800
14962566900199,A,318343,new,318343,sell,limit,1794500,800
14962884863027,D,318343,cancel,318343,,,,
14965920475364,A,319275,new,319275,sell,limit,1794500,800
14969024128605,D,319275,cancel,319275,,,,
14969028157117,U,315727,modify,315727,,,1794300,1600
14969142401548,D,320279,cancel,315727,,,,
14969154144036,A,320307,new,320307,sell,limit,1794500,800
14969270798770,A,320371,new,320371,buy,limit,1793500,1600
14970267022594,D,320307,cancel,320307,,,,
14970647716885,U,320371,modify,320371,,,1794300,1600
14971711368175,D,317955,cancel,317955,,,,
14971715344636,D,313903,cancel,313903,,,,
14971715793992,U,310115,modify,310115,,,1794400,2500
14971724217375,D,321423,cancel,310115,,,,
14971740207567,A,321455,new,321455,buy,limit,1794300,800
14971827207356,A,321531,new,321531,sell,limit,1795400,1600
14971958276654,A,321579,new,321579,buy,limit,1793600,1600
14971967231847,D,308951,cancel,308951,,,,
14971968161312,D,321579,cancel,321579,,,,
14971984093581,A,321619,new,321619,buy,limit,1794400,800
14972069276921,A,321835,new,321835,sell,limit,1795500,1600
14972169381764,A,321875,new,321875,buy,limit,1794400,1600
14976366242119,D,321619,cancel,321619,,,,
14976370223113,D,321875,cancel,321875,,,,
14976470807960,A,323743,new,323743,buy,limit,1793600,1600
14976753227236,U,323743,modify,323743,,,1794400,1600
14976764022205,A,323899,new,323899,buy,limit,1794400,800
14977995035246,D,323899,cancel,323899,,,,
14977999037925,D,323895,cancel,323743,,,,
14978112085561,A,324191,new,324191,buy,limit,1793600,1600
14979074064437,D,321455,cancel,321455,,,,
14979077718456,D,321835,cancel,321835,,,,
14979077735757,A,324719,new,324719,sell,limit,1794700,1600
14979395695965,A,324751,new,324751,buy,limit,1794300,800
14979759013373,D,324719,cancel,324719,,,,
14979763666746,U,324191,modify,324191,,,1794400,1600
14979775692063,A,324899,new,324899,buy,limit,1794400,800
14979870800285,A,324999,new,324999,sell,limit,1795500,1600
14982660224784,D,324899,cancel,324899,,,,
14982664230235,D,324883,cancel,324191,,,,
14982786889370,A,326331,new,326331,buy,limit,1793600,1600
14984193696745,U,326331,modify,326331,,,1794400,1600
14984204657088,A,326735,new,326735,buy,limit,1794400,800
14984401058137,D,326735,cancel,326735,,,,
14984405052717,D,326731,cancel,326331,,,,
14984536898038,A,326903,new,326903,buy,limit,1793600,1600
14984603186122,D,324999,cancel,324999,,,,
14984603204199,A,326943,new,326943,sell,limit,1794700,1600
14988323186019,A,328175,new,328175,sell,limit,1794600,2500
14988323203285,D,321531,cancel,321531,,,,
14988330949671,D,328175,cancel,328175,,,,
14988536898813,A,328207,new,328207,sell,limit,1795400,1600
14988683694731,D,324751,cancel,324751,,,,
14988688277884,D,328207,cancel,328207,,,,
14988699388117,A,328259,new,328259,sell,limit,1794600,800
14988786898466,A,328315,new,328315,sell,limit,1794600,1600
14989908252139,D,320847,cancel,320371,,,,
14989908266838,D,317947,cancel,317947,,,,
14989908280084,D,269483,cancel,269307,,,,
14989908292165,D,234411,cancel,234411,,,,
14989908303549,D,234755,cancel,234755,,,,
14989915427757,A,328715,new,328715,sell,limit,1794500,2500
14989915445124,D,317771,cancel,317771,,,,
14989924521970,A,328731,new,328731,sell,limit,1794500,800
14990014163651,A,328831,new,328831,buy,limit,1794100,1600
14990234757233,A,328939,new,328939,buy,limit,1794000,1600
14990234950518,D,328831,cancel,328831,,,,
14990235215337,D,270075,cancel,270075,,,,
14990235227886,A,328955,new,328955,sell,limit,1794400,1600
14990319129986,A,329039,new,329039,sell,limit,1794400,800
14990319242113,D,328259,cancel,328259,,,,
14990435054724,A,329087,new,329087,buy,limit,1793900,1600
14990664931331,A,329111,new,329111,buy,limit,1793500,1600
14990870805563,A,329251,new,329251,buy,limit,1793400,1600
14991078203397,A,329347,new,329347,buy,limit,1793300,1600
14991672339058,U,329347,modify,329347,,,1794100,1600
14991790745672,D,329483,cancel,329347,,,,
14991916686185,A,329647,new,329647,buy,limit,1793300,1600
14992923352487,D,329039,cancel,329039,,,,
14992924215685,U,329647,modify,329647,,,1794100,1600
14992927370503,D,328955,cancel,328955,,,,
14993036008843,A,330151,new,330151,sell,limit,1795200,1600
14999678743671,A,331607,new,331607,sell,limit,1794400,800
15000400952603,D,331607,cancel,331607,,,,
15000484164201,A,331871,new,331871,sell,limit,1794400,800
15005906097532,D,330127,cancel,329647,,,,
15006036015716,A,333827,new,333827,buy,limit,1793300,1600
15006270801561,U,333827,modify,333827,,,1794100,1600
15009463704804,D,333963,cancel,333827,,,,
15009578208382,A,334823,new,334823,buy,limit,1793300,1600
15009984602685,U,334823,modify,334823,,,1794100,1600
15010201811668,D,313491,cancel,313491,,,,
15011264134734,D,331871,cancel,331871,,,,
15011551756223,D,328715,cancel,328715,,,,
15011670807939,A,335855,new,335855,sell,limit,1795300,1600
15012304086127,U,329251,modify,329251,,,1794200,1600
15022303413756,D,335855,cancel,335855,,,,
15022303431753,A,339539,new,339539,sell,limit,1794500,1600
15022304055197,D,336083,cancel,329251,,,,
15022320214610,A,339551,new,339551,sell,limit,1794400,800
15022416880350,A,339683,new,339683,buy,limit,1793400,1600
15022814190202,D,339551,cancel,339551,,,,
15023713242134,E,265343,new,9000000000000000005,sell,market,,100
15023713242134,A,340259,new,340259,sell,limit,1794300,100
15023728612383,A,340271,new,340271,buy,limit,1794100,800
15025219994952,D,339539,cancel,339539,,,,
15025220013171,D,328731,cancel,328731,,,,
15025224846843,U,339683,modify,339683,,,1794200,1600
15025236307756,A,341083,new,341083,buy,limit,1794200,800
15025321001798,A,341147,new,341147,sell,limit,1795300,1600
15025433529480,U,329111,modify,329111,,,1794200,1600
15025433567166,X,341319,modify,329111,,,,900
15025615918034,A,341495,new,341495,buy,limit,1794200,800
15025616053172,D,340271,cancel,340271,,,,
15025670801207,A,341563,new,341563,buy,limit,1794200,1600
15025871437291,U,341563,modify,341563,,,1794200,1600
15025910909907,D,328315,cancel,328315,,,,
15025911206851,D,341635,cancel,341563,,,,
15026036014172,A,341643,new,341643,sell,limit,1795400,1600
15026077219891,E,340259,new,9000000000000000006,buy,market,,100
15026077219891,A,341651,new,341651,buy,limit,1794300,1500
15026093196156,A,341655,new,341655,sell,limit,1794700,800
15028316085989,D,341495,cancel,341495,,,,
15028319713034,A,342575,new,342575,sell,limit,1794600,2500
15028319730094,D,341643,cancel,341643,,,,
15028331523244,A,342611,new,342611,sell,limit,1794600,800
15028542124196,D,342611,cancel,342611,,,,
15028552997711,D,342575,cancel,342575,,,,
15028654040634,A,343083,new,343083,sell,limit,1795400,1600
15028680908808,A,343191,new,343191,sell,limit,1794600,800
15028804660189,D,343191,cancel,343191,,,,
15029547378422,D,343083,cancel,343083,,,,
15029547403538,A,343499,new,343499,sell,limit,1794600,1600
15029558357354,A,343503,new,343503,sell,limit,1794600,800
15032935894516,D,341651,cancel,341651,,,,
15033036010136,A,344679,new,344679,buy,limit,1793500,1600
15034751126019,A,345139,new,345139,sell,limit,1794500,800
15034751282830,D,341655,cancel,341655,,,,
15035414885963,D,345139,cancel,345139,,,,
15037250506482,A,346035,new,346035,sell,limit,1794500,800
15043333557938,D,341083,cancel,341083,,,,
15043337604644,D,341147,cancel,341147,,,,
15043337622449,A,347603,new,347603,sell,limit,1794500,1600
15043871015390,D,347603,cancel,347603,,,,
15043882749389,A,347691,new,347691,buy,limit,1794200,800
15044003732683,A,347799,new,347799,sell,limit,1795300,1600
15047909092937,D,347691,cancel,347691,,,,
15047938344029,A,348451,new,348451,buy,limit,1794200,800
15048183932584,D,348451,cancel,348451,,,,
15048188049912,A,348811,new,348811,sell,limit,1794500,2500
15048188066106,D,347799,cancel,347799,,,,
15048188952573,D,341319,cancel,329111,,,,
15048188965967,D,341019,cancel,339683,,,,
15048190548595,D,334935,cancel,334823,,,,
15048212846309,A,348931,new,348931,buy,limit,1794000,800
15048289489048,A,349023,new,349023,buy,limit,1793400,1600
15048298496163,A,349031,new,349031,sell,limit,1794400,800
15048298642578,D,343503,cancel,343503,,,,
15048490341766,A,349087,new,349087,buy,limit,1793300,1600
15048761956017,A,349295,new,349295,buy,limit,1794100,800
15048774811341,U,349087,modify,349087,,,1794100,1600
15048797271770,D,349031,cancel,349031,,,,
15053181176036,D,348811,cancel,348811,,,,
15053192528052,A,351063,new,351063,buy,limit,1794200,800
15053192693719,D,348931,cancel,348931,,,,
15053281284579,A,351107,new,351107,sell,limit,1795300,1600
15053517897231,D,351063,cancel,351063,,,,
15054860693202,A,351775,new,351775,buy,limit,1794200,800
15054915899047,D,351775,cancel,351775,,,,
15055536466589,D,351107,cancel,351107,,,,
15055536485485,A,352183,new,352183,sell,limit,1794500,1600
15057693315799,D,352183,cancel,352183,,,,
15057789229366,U,349023,modify,349023,,,1794200,1600
15057800378697,A,353207,new,353207,buy,limit,1794200,800
15057800410279,A,353211,new,353211,sell,limit,1795300,1600
15058474460868,D,353207,cancel,353207,,,,
15060132090159,A,354151,new,354151,buy,limit,1794200,800
15062898202750,D,346035,cancel,346035,,,,
15062913591775,A,355343,new,355343,sell,limit,1794600,800
15064247478870,U,344679,modify,344679,,,1794300,1600
15068996187314,D,355667,cancel,344679,,,,
15069112131734,A,357479,new,357479,buy,limit,1793500,1600
15070655204609,U,357479,modify,357479,,,1794300,1600
15070667104455,D,343499,cancel,343499,,,,
15070667453244,D,355343,cancel,355343,,,,
15070684228336,A,358631,new,358631,buy,limit,1794400,800
15070684324677,D,349295,cancel,349295,,,,
15070786891847,A,358707,new,358707,sell,limit,1795400,1600
15070860037267,U,326903,modify,326903,,,1794400,1600
15071607267889,D,358631,cancel,358631,,,,
15071611279178,D,358787,cancel,326903,,,,
15071627476572,A,359379,new,359379,buy,limit,1794300,800
15071711383734,A,359499,new,359499,buy,limit,1793600,1600
15073580641244,D,359379,cancel,359379,,,,
15073696095844,A,360739,new,360739,buy,limit,1794300,800
15075284503472,U,359499,modify,359499,,,1794400,1600
15075293369953,A,361667,new,361667,buy,limit,1794400,800
15075293483211,D,354151,cancel,354151,,,,
15080319809598,D,361667,cancel,361667,,,,
15080323825315,D,361635,cancel,359499,,,,
15080433529925,A,364027,new,364027,buy,limit,1793600,1600
15080474183339,D,360739,cancel,360739,,,,
15080478066593,A,364119,new,364119,sell,limit,1794600,2500
15080478081918,D,358707,cancel,358707,,,,
15080492802783,D,364119,cancel,364119,,,,
15080683023839,A,364203,new,364203,sell,limit,1795400,1600
15081907493088,A,364847,new,364847,buy,limit,1794300,800
15082613182048,A,364935,new,364935,buy,limit,1794400,800
15082955158930,D,364935,cancel,364935,,,,
15083655947229,D,364847,cancel,364847,,,,
15083659803644,A,365215,new,365215,sell,limit,1794600,2500
15083659824256,D,364203,cancel,364203,,,,
15083668192824,D,365215,cancel,365215,,,,
15083771527515,A,365267,new,365267,buy,limit,1794300,800
15083870801258,A,365375,new,365375,sell,limit,1795400,1600
15084035847945,D,365267,cancel,365267,,,,
15084629469552,A,365787,new,365787,buy,limit,1794300,800
15084699576247,D,365787,cancel,365787,,,,
15084714424683,A,365823,new,365823,sell,limit,1794600,800
15086963600896,D,365823,cancel,365823,,,,
15086979799249,A,366275,new,366275,buy,limit,1794300,800
15087410412354,A,366459,new,366459,buy,limit,1794400,800
15087504970911,U,364027,modify,364027,,,1794400,1600
15089051342848,D,326943,cancel,326943,,,,
15089053355302,D,308227,cancel,308227,,,,
15089053372125,U,308299,modify,308299,,,1794500,2500
15089090301192,A,367055,new,367055,buy,limit,1794500,800
15089090437865,D,366275,cancel,366275,,,,
15089157238330,A,367127,new,367127,sell,limit,1795500,1600
15089368961978,A,367239,new,367239,sell,limit,1795600,1600
15089978158056,U,307559,modify,307559,,,1794600,1600
15089979926080,D,303667,cancel,303667,,,,
15089983524344,E,367375,new,9000000000000000007,sell,market,,1600
15089991732091,A,367399,new,367399,buy,limit,1794600,800
15089991842475,D,366459,cancel,366459,,,,
15089992066979,D,367399,cancel,367399,,,,
15089999911466,A,367427,new,367427,sell,limit,1794900,800
15090074356058,X,367427,modify,367427,,,,500
15090111862679,A,367463,new,367463,sell,limit,1794900,1600
15090194393494,A,367531,new,367531,buy,limit,1794600,1600
15090289133431,D,367463,cancel,367463,,,,
15090416875588,A,367691,new,367691,sell,limit,1795700,1600
15090649382181,A,367711,new,367711,buy,limit,1794600,800
15090896893331,D,367711,cancel,367711,,,,
15090901153006,D,367691,cancel,367691,,,,
15090901177992,A,367767,new,367767,sell,limit,1794900,1600
15092201027348,D,367531,cancel,367531,,,,
15092212992597,A,368003,new,368003,sell,limit,1794800,800
15092327205590,A,368015,new,368015,buy,limit,1793800,1600
15093492059962,D,368003,cancel,368003,,,,
15093497894748,U,368015,modify,368015,,,1794600,1600
15093827640496,D,367767,cancel,367767,,,,
15093853273937,A,368383,new,368383,buy,limit,1794600,800
15093867477929,D,368383,cancel,368383,,,,
15093966866006,A,368399,new,368399,sell,limit,1795700,1600
15094062459437,A,368415,new,368415,buy,limit,1794600,800
15094777131158,U,329087,modify,329087,,,1794700,1600
15094787868954,A,368567,new,368567,buy,limit,1794700,800
15094788024239,D,367055,cancel,367055,,,,
15094852032399,D,368567,cancel,368567,,,,
15094898003534,D,368415,cancel,368415,,,,
15094898683965,D,368399,cancel,368399,,,,
15094898702844,A,368607,new,368607,sell,limit,1794900,1600
15094901992358,D,368551,cancel,329087,,,,
15094970552680,D,368279,cancel,368015,,,,
15094982787997,A,368739,new,368739,sell,limit,1794800,800
15094992525123,A,368743,new,368743,buy,limit,1794500,800
15095002453350,A,368755,new,368755,buy,limit,1793900,1600
15095010814466,D,368739,cancel,368739,,,,
15095209622009,A,368931,new,368931,buy,limit,1793800,1600
15095394061315,A,369023,new,369023,sell,limit,1794800,800
15095939191833,D,369023,cancel,369023,,,,
15095968078751,A,369299,new,369299,sell,limit,1794800,800
15096150167518,D,369299,cancel,369299,,,,
15096269491939,A,369371,new,369371,sell,limit,1794800,800
15098425379871,D,369371,cancel,369371,,,,
15098872944393,A,370379,new,370379,sell,limit,1794800,800
15101336546033,D,370379,cancel,370379,,,,
15102513226685,A,371283,new,371283,sell,limit,1794800,800
15103468641161,D,371283,cancel,371283,,,,
15103848697819,U,368931,modify,368931,,,1794600,1600
15106142532238,D,371687,cancel,368931,,,,
15106270799368,A,372703,new,372703,buy,limit,1793800,1600
15106693514884,U,372703,modify,372703,,,1794600,1600
15106703726058,D,372815,cancel,372703,,,,
15107003233741,A,372851,new,372851,buy,limit,1793800,1600
15107203957078,U,372851,modify,372851,,,1794600,1600
15107611758812,D,368607,cancel,368607,,,,
15107631034183,A,373035,new,373035,buy,limit,1794600,800
15107770535176,A,373063,new,373063,sell,limit,1795700,1600
15108111051567,A,373203,new,373203,buy,limit,1794700,1600
15108111068460,D,368755,cancel,368755,,,,
15108673757379,D,373035,cancel,373035,,,,
15108677741871,D,373203,cancel,373203,,,,
15108678645421,D,373063,cancel,373063,,,,
15108678658224,A,373555,new,373555,sell,limit,1794900,1600
15108679861419,D,373555,cancel,373555,,,,
15108779888022,A,373575,new,373575,buy,limit,1793900,1600
15108924767152,A,373699,new,373699,sell,limit,1795700,1600
15109130914800,A,373823,new,373823,buy,limit,1794600,800
15110256272988,D,373823,cancel,373823,,,,
15113014626309,A,375751,new,375751,buy,limit,1794600,800
15114478615676,A,376355,new,376355,buy,limit,1794700,1600
15114478632147,D,373575,cancel,373575,,,,
15114489412591,A,376363,new,376363,buy,limit,1794700,800
15114489545013,D,368743,cancel,368743,,,,
15116911510351,D,376363,cancel,376363,,,,
15119542507144,D,375751,cancel,375751,,,,
15119546472207,D,376355,cancel,376355,,,,
15119662851452,A,378027,new,378027,buy,limit,1793900,1600
15119665531607,D,373699,cancel,373699,,,,
15119665545060,A,378055,new,378055,sell,limit,1794900,1600
15119667309410,D,372891,cancel,372851,,,,
15119692176707,A,378079,new,378079,buy,limit,1794500,800
15119863515495,A,378123,new,378123,buy,limit,1793800,1600
15120061765043,A,378195,new,378195,sell,limit,1794800,800
15120548989011,D,378195,cancel,378195,,,,
15120794267727,U,378123,modify,378123,,,1794600,1600
15120857427751,D,378531,cancel,378123,,,,
15120898516991,A,378759,new,378759,buy,limit,1794600,800
15120985707002,D,378055,cancel,378055,,,,
15120994304723,A,378891,new,378891,buy,limit,1794600,1600
15121111975981,A,378987,new,378987,sell,limit,1795700,1600
15122122391040,A,379267,new,379267,sell,limit,1794900,100
15122925801496,A,379567,new,379567,buy,limit,1794700,800
15122925941577,D,378079,cancel,378079,,,,
15123472677366,A,379811,new,379811,buy,limit,1794700,1600
15123472696313,D,378027,cancel,378027,,,,
15124828206554,D,367427,cancel,367427,,,,
15124832184894,D,234671,cancel,234671,,,,
15124832376357,A,380267,new,380267,buy,limit,1794800,1600
15124832392160,D,328939,cancel,328939,,,,
15124935209929,A,380287,new,380287,sell,limit,1795800,1600
15125517557478,A,380531,new,380531,buy,limit,1794800,800
15125517683598,D,378759,cancel,378759,,,,
15125741063102,D,266863,cancel,266863,,,,
15125870806785,A,380591,new,380591,sell,limit,1795900,1600
15125950134523,A,380607,new,380607,buy,limit,1794800,800
15125950245135,D,379567,cancel,379567,,,,
15126377181627,U,349399,modify,349087,,,1794800,1600
15126377218552,X,380839,modify,349087,,,,900
15126555599958,D,380607,cancel,380607,,,,
15126577210456,A,381007,new,381007,buy,limit,1794100,1600
15126993537370,U,381007,modify,381007,,,1794800,1600
15127003541972,U,381275,modify,381007,,,1794100,1600
15127275788981,U,381291,modify,381007,,,1794800,1600
15127275914829,D,330151,cancel,330151,,,,
15127376753555,A,381571,new,381571,sell,limit,1796000,1600
15127486850498,U,381535,modify,381007,,,1794800,1600
15127556459995,A,381615,new,381615,buy,limit,1794800,800
15127688330355,U,381611,modify,381007,,,1794800,1600
15127939344682,U,381659,modify,381007,,,1794800,1600
15127984763977,D,381615,cancel,381615,,,,
15127988787475,U,381691,modify,381007,,,1794100,1600
15128550943834,U,381699,modify,381007,,,1794800,1600
15128562531214,A,381863,new,381863,buy,limit,1794800,800
15128756357941,U,381855,modify,381007,,,1794800,1600
15129003371411,U,381935,modify,381007,,,1794800,1600
15129208019803,U,382171,modify,381007,,,1794800,1600
15129416884009,U,382307,modify,381007,,,1794800,1600
15129547744552,U,382479,modify,381007,,,1794100,1600
15129548402194,D,381863,cancel,381863,,,,
15129552389810,D,381571,cancel,381571,,,,
15129552409798,A,382559,new,382559,sell,limit,1795200,1600
15129667918241,D,380531,cancel,380531,,,,
15129669713876,A,382727,new,382727,sell,limit,1795100,2500
15129669731799,D,380591,cancel,380591,,,,
15129671903338,D,382727,cancel,382727,,,,
15129870801316,A,382851,new,382851,sell,limit,1795900,1600
15130260612008,A,383011,new,383011,buy,limit,1794800,800
15130708855020,D,383011,cancel,383011,,,,
15130712720635,A,383179,new,383179,sell,limit,1795100,2500
15130712736658,D,382851,cancel,382851,,,,
15130847674092,D,383179,cancel,383179,,,,
15130848542815,U,382551,modify,381007,,,1794800,1600
15130849172274,U,383343,modify,381007,,,1794100,1600
15130860379081,A,383367,new,383367,buy,limit,1794800,800
