timestamp,action,order_id,side,order_type,price,quantity,owner_id
14400032120866,new,16079,buy,limit,1437000,1,itch_16079
14400033130042,new,16131,buy,limit,1600000,25,itch_16131
14400461079347,new,47487,sell,limit,1797800,800,itch_47487
14401625994004,new,64255,buy,limit,1796200,800,itch_64255
14401626029391,new,64259,sell,limit,1797100,800,itch_64259
14401677421400,new,65279,sell,limit,1797000,800,itch_65279
14401689974816,cancel,64259,,,,,
14401692005748,cancel,64255,,,,,
14401823237845,new,66531,buy,limit,1795300,800,itch_66531
14401828206315,new,66539,buy,limit,1796000,800,itch_66539
14401828227439,new,66543,sell,limit,1796900,800,itch_66543
14401850120009,new,67463,buy,limit,1796100,800,itch_67463
14401850136244,new,67471,sell,limit,1796800,800,itch_67471
14401850160897,cancel,47487,,,,,
14401869061947,cancel,66543,,,,,
14401968767032,cancel,66539,,,,,
14402028560581,new,69579,sell,limit,1796800,800,itch_69579
14402057386886,new,70563,sell,limit,1796700,800,itch_70563
14402057464642,cancel,65279,,,,,
14402061456485,cancel,67463,,,,,
14402065860307,new,70659,sell,limit,1796700,800,itch_70659
14402065881061,cancel,69579,,,,,
14402068774922,new,70743,buy,limit,1795800,800,itch_70743
14402082267648,new,70891,sell,limit,1796600,800,itch_70891
14402082327500,cancel,67471,,,,,
14402086121045,new,70911,buy,limit,1795900,800,itch_70911
14402122536228,cancel,70659,,,,,
14402185222377,cancel,70743,,,,,
14402240935515,new,72231,sell,limit,1796600,800,itch_72231
14402257140135,new,72943,sell,limit,1796500,800,itch_72943
14402257195283,cancel,70563,,,,,
14402260853754,cancel,72231,,,,,
14402286891965,new,73611,buy,limit,1795800,800,itch_73611
14402345160688,cancel,73611,,,,,
14402441930661,new,74919,sell,limit,1796700,800,itch_74919
14402466097310,new,75747,buy,limit,1796000,800,itch_75747
14402466167526,cancel,66531,,,,,
14402487182686,new,75939,buy,limit,1795900,800,itch_75939
14403592451648,new,9000000000000000000,sell,market,,4,itch_aggressor_9000000000000000000
14403635605799,cancel,75939,,,,,
14403641901311,cancel,74919,,,,,
14403641916665,new,85951,sell,limit,1796600,800,itch_85951
14403786891881,new,87139,buy,limit,1795800,800,itch_87139
14403840140828,cancel,75747,,,,,
14403844596579,cancel,85951,,,,,
14403844613135,new,87367,sell,limit,1796500,800,itch_87367
14403844807729,cancel,87139,,,,,
14403865505601,new,87555,sell,limit,1796400,800,itch_87555
14403865571655,cancel,70891,,,,,
14403993617536,new,88547,buy,limit,1795700,800,itch_88547
14404721390745,cancel,88547,,,,,
14404721719291,cancel,70911,,,,,
14404726073564,cancel,87367,,,,,
14404726087579,new,92647,sell,limit,1796400,800,itch_92647
14404742629055,new,92667,sell,limit,1796300,800,itch_92667
14404742683587,cancel,72943,,,,,
14404746707719,new,92683,buy,limit,1795700,800,itch_92683
14404786887949,cancel,92647,,,,,
14404827204353,new,92927,buy,limit,1795500,800,itch_92927
14404839861220,cancel,92927,,,,,
14404935953299,new,93559,sell,limit,1796400,800,itch_93559
14405013186585,cancel,93559,,,,,
14405036013944,new,93895,buy,limit,1795600,800,itch_93895
14405140495302,new,94255,sell,limit,1796400,800,itch_94255
14406521347860,new,9000000000000000001,sell,market,,4,itch_aggressor_9000000000000000001
14406856220093,cancel,94255,,,,,
14407003780449,new,98959,sell,limit,1796400,800,itch_98959
14407105053198,cancel,92683,,,,,
14407109796977,cancel,93895,,,,,
14407109888433,cancel,98959,,,,,
14407130242526,new,99119,buy,limit,1795600,800,itch_99119
14407208645510,new,99391,sell,limit,1796300,800,itch_99391
14407210070915,new,99395,sell,limit,1796200,800,itch_99395
14407210106626,new,99399,buy,limit,1795400,800,itch_99399
14407210141930,cancel,87555,,,,,
14407438964605,modify,99399,,,1795500,800,
14407603802723,cancel,99399,,,,,
14407643955523,new,100255,buy,limit,1795700,800,itch_100255
14407643992991,new,100259,buy,limit,1795600,800,itch_100259
14408001473624,cancel,100259,,,,,
14408001499039,cancel,100255,,,,,
14408110962729,new,101763,buy,limit,1795500,800,itch_101763
14408539209159,cancel,99391,,,,,
14408670797864,new,102135,sell,limit,1796300,800,itch_102135
14409081359934,cancel,102135,,,,,
14409208043851,new,102815,sell,limit,1796400,800,itch_102815
14409296553950,cancel,102815,,,,,
14409411182677,new,103099,sell,limit,1796400,800,itch_103099
14409411200097,new,103103,buy,limit,1795600,800,itch_103103
14409411212333,cancel,101763,,,,,
14409431376219,new,103139,buy,limit,1795700,800,itch_103139
14409593930172,cancel,103103,,,,,
14409700644128,new,103427,buy,limit,1795600,800,itch_103427
14409755420875,cancel,103427,,,,,
14409971138614,new,103707,buy,limit,1795500,800,itch_103707
14410048014420,new,103867,sell,limit,1796300,800,itch_103867
14410048030983,cancel,103099,,,,,
14410084635774,cancel,103867,,,,,
14410085870895,cancel,103707,,,,,
14410186245310,new,103979,buy,limit,1795600,800,itch_103979
14410270798597,new,104031,sell,limit,1796400,800,itch_104031
14410298549782,cancel,103979,,,,,
14410372163877,new,104075,sell,limit,1796300,800,itch_104075
14410372179908,cancel,104031,,,,,
14410399533344,new,104135,buy,limit,1795400,800,itch_104135
14413015025121,modify,104135,,,1795500,800,
14413991551354,new,107971,sell,limit,1797600,4,itch_107971
14414034652363,cancel,104075,,,,,
14414035358377,cancel,99395,,,,,
14414035375074,cancel,92667,,,,,
14414105018154,new,108011,sell,limit,1796300,800,itch_108011
14414116119171,new,108015,buy,limit,1795600,800,itch_108015
14414116136551,cancel,104135,,,,,
14414121165743,cancel,108015,,,,,
14414154611948,new,108019,sell,limit,1796400,800,itch_108019
14414328203289,new,108167,buy,limit,1795500,800,itch_108167
14414431376431,cancel,103139,,,,,
14414436605661,cancel,108019,,,,,
14414436619240,new,108183,sell,limit,1796300,800,itch_108183
14414459363817,new,108243,sell,limit,1796200,800,itch_108243
14414750394076,cancel,108183,,,,,
14414750677707,new,109283,buy,limit,1795600,800,itch_109283
14414750693590,cancel,108167,,,,,
14414751357114,cancel,99119,,,,,
14414767284893,new,109471,buy,limit,1795700,800,itch_109471
14414852042024,new,110159,sell,limit,1796500,800,itch_110159
14414945426453,cancel,108243,,,,,
14414945441042,cancel,108011,,,,,
14414948919281,cancel,109283,,,,,
14414952266255,new,111131,buy,limit,1795700,800,itch_111131
14414969219865,new,111159,buy,limit,1795800,800,itch_111159
14415124605643,cancel,111131,,,,,
14415170032351,new,9000000000000000002,sell,market,,50,itch_aggressor_9000000000000000002
14415226286724,new,111411,buy,limit,1795600,800,itch_111411
14415384773495,cancel,110159,,,,,
14415384798336,new,111611,sell,limit,1796400,800,itch_111611
14415408230985,new,111615,sell,limit,1796300,800,itch_111615
14415625403793,cancel,111611,,,,,
14415641409031,new,111859,buy,limit,1795700,800,itch_111859
14415641430210,cancel,111411,,,,,
14415741566093,new,111995,sell,limit,1796500,800,itch_111995
14415741898226,cancel,111859,,,,,
14415842341966,new,112003,buy,limit,1795600,800,itch_112003
14415894223474,cancel,111995,,,,,
14415994374452,new,112139,sell,limit,1796500,800,itch_112139
14416621117627,cancel,112139,,,,,
14416621144113,new,113659,sell,limit,1796400,800,itch_113659
14416862943447,cancel,113659,,,,,
14416963407967,new,114007,sell,limit,1796500,800,itch_114007
14417121155794,cancel,114007,,,,,
14417166533377,new,114399,sell,limit,1796400,800,itch_114399
14417335099260,cancel,114399,,,,,
14417435872945,new,114751,sell,limit,1796500,800,itch_114751
14417541673298,cancel,114751,,,,,
14417670797146,new,114899,sell,limit,1796400,800,itch_114899
14417913044626,cancel,111159,,,,,
14417917029264,cancel,112003,,,,,
14417917460322,cancel,114899,,,,,
14417917474359,new,115099,sell,limit,1796300,800,itch_115099
14417918475555,cancel,115099,,,,,
14418017115592,new,115151,buy,limit,1795500,800,itch_115151
14418017608364,cancel,115151,,,,,
14418129199964,new,115211,sell,limit,1796400,800,itch_115211
14418255450994,new,115239,buy,limit,1795500,800,itch_115239
14419185575350,new,115919,buy,limit,1795600,800,itch_115919
14419185588949,cancel,115239,,,,,
14419665763753,cancel,115211,,,,,
14419665783354,new,116247,sell,limit,1796300,800,itch_116247
14419681390968,cancel,116247,,,,,
14419870804930,new,116331,sell,limit,1796400,800,itch_116331
14420023904178,cancel,115919,,,,,
14420024570438,cancel,109471,,,,,
14420130027648,new,116535,buy,limit,1795500,800,itch_116535
14420381301904,cancel,116331,,,,,
14420381317398,new,116655,sell,limit,1796300,800,itch_116655
14424220754025,new,119543,buy,limit,1795600,800,itch_119543
14424791112378,cancel,116655,,,,,
14424891682600,new,121959,sell,limit,1796400,800,itch_121959
14424898360573,new,121967,buy,limit,1795600,800,itch_121967
14424898372085,cancel,116535,,,,,
14424922793505,new,121995,buy,limit,1795700,800,itch_121995
14425534297384,cancel,121967,,,,,
14425578414041,cancel,121959,,,,,
14425578427637,new,122231,sell,limit,1796300,800,itch_122231
14425634591931,new,122239,buy,limit,1795500,800,itch_122239
14426424714768,cancel,122231,,,,,
14426424729288,new,122543,sell,limit,1796200,800,itch_122543
14429922291751,cancel,121995,,,,,
14430636936836,cancel,122239,,,,,
14430637338364,cancel,119543,,,,,
14430638799567,new,126471,sell,limit,1796100,800,itch_126471
14430638816087,cancel,122543,,,,,
14430643300206,cancel,126471,,,,,
14430663278381,new,126499,buy,limit,1795400,800,itch_126499
14430742272123,new,126535,buy,limit,1795400,800,itch_126535
14430742311608,cancel,126535,,,,,
14430870807214,new,126775,sell,limit,1796300,800,itch_126775
14431003763911,new,126823,buy,limit,1795500,800,itch_126823
14431019097653,new,126827,buy,limit,1795600,800,itch_126827
14431900308491,cancel,126775,,,,,
14431904402715,new,127423,buy,limit,1795600,800,itch_127423
14431904416474,cancel,126823,,,,,
14431920851849,new,127443,buy,limit,1795700,800,itch_127443
14431920905814,cancel,126499,,,,,
14432003741591,new,127467,sell,limit,1796400,800,itch_127467
14432906081117,modify,127423,,,1795700,800,
14432906194669,cancel,127423,,,,,
14433112395134,new,128275,buy,limit,1795600,800,itch_128275
14433236429447,cancel,127467,,,,,
14433237132609,cancel,128275,,,,,
14433336769796,new,128455,sell,limit,1796500,800,itch_128455
14433385416919,new,128463,buy,limit,1795600,800,itch_128463
14433831070810,new,128571,buy,limit,1795700,800,itch_128571
14433831087930,cancel,128463,,,,,
14433847189789,cancel,111615,,,,,
14433862872594,new,128587,sell,limit,1796400,800,itch_128587
14433863163293,new,128591,buy,limit,1795800,800,itch_128591
14433863223370,cancel,126827,,,,,
14434005687495,new,128655,sell,limit,1796600,1600,itch_128655
14434034862484,new,128695,buy,limit,1795600,1600,itch_128695
14434205688390,new,128747,sell,limit,1796700,1600,itch_128747
14434270807022,new,128799,buy,limit,1795500,1600,itch_128799
14434416871339,new,128867,sell,limit,1796800,1600,itch_128867
14434486837815,new,128907,buy,limit,1795400,1600,itch_128907
14434670797819,new,128939,sell,limit,1796900,1600,itch_128939
14434786888879,new,129143,buy,limit,1795300,1600,itch_129143
14434920696300,new,129211,sell,limit,1797000,1600,itch_129211
14434987273676,new,129215,buy,limit,1795200,1600,itch_129215
14435130211373,new,129459,sell,limit,1797100,1600,itch_129459
14435165804010,cancel,128455,,,,,
14435200708444,new,129671,buy,limit,1795100,1600,itch_129671
14435271694992,cancel,128655,,,,,
14435378836247,new,130007,sell,limit,1796600,1600,itch_130007
14435380904144,new,130011,sell,limit,1796500,2500,itch_130011
14435383978663,cancel,130011,,,,,
14435416880365,new,130071,buy,limit,1795000,1600,itch_130071
14435548462343,cancel,130071,,,,,
14435548896279,cancel,130007,,,,,
14435603615266,new,130311,buy,limit,1795900,800,itch_130311
14435603674773,cancel,127443,,,,,
14435616920988,new,130331,buy,limit,1795800,1600,itch_130331
14435670806966,new,130379,sell,limit,1797200,1600,itch_130379
14435926091448,new,131835,sell,limit,1796600,1600,itch_131835
14436062039137,cancel,131835,,,,,
14436194282282,new,133179,sell,limit,1796600,1600,itch_133179
14436416872253,new,133551,sell,limit,1797300,1600,itch_133551
14436504392431,cancel,133179,,,,,
14436670798287,new,133871,sell,limit,1797400,1600,itch_133871
14437041089462,new,134175,buy,limit,1795900,1600,itch_134175
14437041106491,cancel,129671,,,,,
14437078537502,cancel,134175,,,,,
14437078745783,cancel,133871,,,,,
14437078759505,new,134219,sell,limit,1796600,1600,itch_134219
14437182770845,cancel,134219,,,,,
14437265375582,new,134363,buy,limit,1795100,1600,itch_134363
14437286892196,new,134403,sell,limit,1797400,1600,itch_134403
14437855542817,cancel,134403,,,,,
14437855560718,new,134843,sell,limit,1796600,1600,itch_134843
14437906225540,new,9000000000000000003,sell,market,,100,itch_aggressor_9000000000000000003
14438129975041,cancel,134843,,,,,
14438235763339,new,135331,sell,limit,1797400,1600,itch_135331
14438236349943,cancel,135331,,,,,
14438436662811,new,135387,sell,limit,1797400,1600,itch_135387
14438631886351,modify,134363,,,1795900,1600,
14438752686692,cancel,128587,,,,,
14438767905985,new,135795,buy,limit,1796000,800,itch_135795
14438767950043,modify,128591,,,,100,
14438768531094,new,135799,sell,limit,1796600,800,itch_135799
14439372990635,cancel,134363,,,,,
14439486847148,new,136215,buy,limit,1795100,1600,itch_136215
14439548046058,cancel,135387,,,,,
14439548066850,new,136243,sell,limit,1796600,1600,itch_136243
14439610223165,new,136563,sell,limit,1796500,800,itch_136563
14443767651584,cancel,135795,,,,,
14446368566167,cancel,136243,,,,,
14446369269541,cancel,136563,,,,,
14446470801186,new,139267,sell,limit,1797400,1600,itch_139267
14446475764071,cancel,139267,,,,,
14446535756188,new,139303,sell,limit,1796500,800,itch_139303
14446683029779,new,139311,sell,limit,1796600,1600,itch_139311
14448128943824,new,139735,sell,limit,1796500,2500,itch_139735
14448128961950,cancel,133551,,,,,
14448129234987,cancel,130331,,,,,
14448129924577,cancel,130311,,,,,
14448145502583,new,139827,sell,limit,1796400,800,itch_139827
14448145568890,cancel,135799,,,,,
14448145586366,new,139831,buy,limit,1795800,700,itch_139831
14448230875761,new,139895,buy,limit,1795000,1600,itch_139895
14452860826289,cancel,139735,,,,,
14452865184815,modify,139895,,,1795800,1600,
14452866236805,modify,136215,,,1795900,2500,
14452867524954,cancel,136215,,,,,
14452883612298,new,142271,buy,limit,1795900,800,itch_142271
14452961264343,new,142347,sell,limit,1797300,1600,itch_142347
14452968278471,cancel,139311,,,,,
14453066597163,new,142543,buy,limit,1795100,1600,itch_142543
14453144605197,cancel,139827,,,,,
14453144616786,cancel,139303,,,,,
14453159808202,new,142971,buy,limit,1796000,800,itch_142971
14453159863113,cancel,128591,,,,,
14453159878467,cancel,139831,,,,,
14453160441657,new,142983,sell,limit,1796600,800,itch_142983
14453178866322,new,143159,sell,limit,1797400,1600,itch_143159
14453266850634,modify,142543,,,1795900,1600,
14454854464523,cancel,143159,,,,,
14454854485328,new,144427,sell,limit,1796600,1600,itch_144427
14454854845868,cancel,142543,,,,,
14454916497124,new,144467,sell,limit,1796500,800,itch_144467
14455003793539,new,144487,buy,limit,1795100,1600,itch_144487
14456659793138,modify,144487,,,1795900,2500,
14456659962840,cancel,144427,,,,,
14456674525449,cancel,144487,,,,,
14456786900815,new,145423,sell,limit,1797400,1600,itch_145423
14456863582500,new,145447,buy,limit,1795100,1600,itch_145447
14457070806959,modify,145447,,,1795900,1600,
14458173879641,new,145879,buy,limit,1796000,2500,itch_145879
14458173906180,cancel,129215,,,,,
14458195606752,new,145891,buy,limit,1796100,800,itch_145891
14458195683291,cancel,142271,,,,,
14458330129335,new,145947,buy,limit,1730000,1,itch_145947
14458538174252,cancel,144467,,,,,
14458542187113,cancel,128747,,,,,
14458542878818,cancel,142983,,,,,
14458558887252,new,146139,sell,limit,1796700,800,itch_146139
14458670800510,new,146183,sell,limit,1797500,1600,itch_146183
14459507286381,cancel,145947,,,,,
14459980371172,cancel,146183,,,,,
14459980397234,new,147515,sell,limit,1796700,1600,itch_147515
14459980709709,cancel,145879,,,,,
14459998695364,new,147519,sell,limit,1796600,800,itch_147519
14460110403925,new,147655,buy,limit,1795200,1600,itch_147655
14460169622169,cancel,147515,,,,,
14460270798573,new,147779,sell,limit,1797500,1600,itch_147779
14460868297396,cancel,145891,,,,,
14460871572236,cancel,147779,,,,,
14460871588968,new,148179,sell,limit,1796700,1600,itch_148179
14462985103112,cancel,145447,,,,,
14462985165229,cancel,145423,,,,,
14462985181923,new,149463,sell,limit,1796600,1600,itch_149463
14462985804065,cancel,142971,,,,,
14463002554016,new,149491,sell,limit,1796500,800,itch_149491
14463002588899,cancel,146139,,,,,
14463006567384,new,149495,buy,limit,1795900,800,itch_149495
14463086527218,new,149527,buy,limit,1795100,1600,itch_149527
14465114893915,cancel,149463,,,,,
14465227273753,new,151259,sell,limit,1797400,1600,itch_151259
14466277163085,modify,149527,,,1795900,1600,
14466278793003,cancel,149491,,,,,
14466284041337,cancel,147655,,,,,
14466284426931,cancel,148179,,,,,
14466285100201,cancel,147519,,,,,
14466294909328,new,151823,buy,limit,1796000,800,itch_151823
14466305047802,new,151859,sell,limit,1796700,800,itch_151859
14466396792229,new,151955,sell,limit,1797500,1600,itch_151955
14466486848838,new,152055,buy,limit,1796000,1600,itch_152055
14466507342920,new,152095,buy,limit,1796100,800,itch_152095
14466507400610,cancel,149495,,,,,
14468245629192,new,153895,buy,limit,1730000,1,itch_153895
14468579304642,cancel,128867,,,,,
14468579507336,modify,129143,,,1796100,1600,
14468584873603,cancel,128939,,,,,
14468589915940,cancel,129143,,,,,
14468683022747,new,154039,sell,limit,1796900,1600,itch_154039
14468683626348,new,154047,sell,limit,1796800,2500,itch_154047
14468780406018,new,154087,buy,limit,1795300,1600,itch_154087
14471632169538,cancel,152055,,,,,
14471632853586,cancel,152095,,,,,
14471672218447,cancel,151955,,,,,
14471672240250,new,154671,sell,limit,1796700,1600,itch_154671
14471724030133,new,154679,sell,limit,1796600,800,itch_154679
14471752340779,new,154683,buy,limit,1795200,1600,itch_154683
14473742226809,cancel,153895,,,,,
14476039427612,cancel,149527,,,,,
14476039447579,cancel,151823,,,,,
14476043715663,cancel,151259,,,,,
14476043733641,new,156763,sell,limit,1796600,1600,itch_156763
14476061285890,new,156831,sell,limit,1796500,800,itch_156831
14476061321294,cancel,151859,,,,,
14476064824532,new,156851,buy,limit,1795900,800,itch_156851
14476161361304,new,156951,buy,limit,1795100,1600,itch_156951
14476813619184,cancel,139895,,,,,
14476848772194,new,157275,sell,limit,1796500,2500,itch_157275
14476848788243,cancel,142347,,,,,
14476871644329,new,157283,sell,limit,1796400,800,itch_157283
14476871712521,cancel,154679,,,,,
14477003005507,new,157451,buy,limit,1795000,1600,itch_157451
14478373645458,cancel,156851,,,,,
14478377467539,cancel,130379,,,,,
14478377485639,new,161671,sell,limit,1796400,1600,itch_161671
14478377648363,cancel,128571,,,,,
14478394165135,new,161675,buy,limit,1795700,800,itch_161675
14478394181222,new,161679,sell,limit,1796300,800,itch_161679
14478394207198,cancel,156831,,,,,
14478486840103,new,161767,buy,limit,1794900,1600,itch_161767
14484270801895,modify,161767,,,1795800,1600,
14484270827887,cancel,129459,,,,,
14484270841917,new,164139,sell,limit,1796300,1600,itch_164139
14484286114463,new,164151,buy,limit,1795800,800,itch_164151
14484286131291,new,164155,sell,limit,1796200,800,itch_164155
14484286182646,cancel,157283,,,,,
14484486842117,modify,157451,,,1795700,1600,
14486140746551,cancel,164151,,,,,
14486169503839,new,164951,buy,limit,1795800,800,itch_164951
14488691600016,new,165551,buy,limit,1730000,1,itch_165551
14490014613540,new,165655,buy,limit,1795900,800,itch_165655
14490014700338,cancel,161675,,,,,
14490073944457,cancel,165551,,,,,
14490078120242,cancel,164155,,,,,
14490103853056,new,165711,sell,limit,1796200,800,itch_165711
14490166141195,cancel,165655,,,,,
14491460261045,new,166303,buy,limit,1795900,800,itch_166303
14491519010835,cancel,166303,,,,,
14492459110857,new,166539,buy,limit,1793600,100,itch_166539
14492909102134,new,166599,buy,limit,1795900,800,itch_166599
14493626091611,cancel,166599,,,,,
14494950008290,cancel,161767,,,,,
14495070806132,new,167023,buy,limit,1795000,1600,itch_167023
14497715237483,cancel,129211,,,,,
14497715256220,new,167443,sell,limit,1796200,1600,itch_167443
14497835706539,new,167447,sell,limit,1796100,800,itch_167447
14497835804514,cancel,161679,,,,,
14500579002383,modify,164951,,,,500,
14500721491551,new,167875,buy,limit,1730000,1,itch_167875
14504855424880,cancel,167447,,,,,
14504859419121,cancel,167443,,,,,
14504964355458,new,169367,sell,limit,1796200,1600,itch_169367
14505002961208,new,169399,sell,limit,1796100,800,itch_169399
14505104288879,cancel,169399,,,,,
14505108311414,cancel,169367,,,,,
14505209470900,new,169571,sell,limit,1797000,1600,itch_169571
14505413243714,cancel,167875,,,,,
14506701428457,cancel,169571,,,,,
14506701445971,new,170355,sell,limit,1796200,1600,itch_170355
14506723505455,new,170451,sell,limit,1796100,800,itch_170451
14507406070183,cancel,170451,,,,,
14507410067707,cancel,170355,,,,,
14507462236214,modify,167023,,,1795800,1600,
14507536893328,new,170799,sell,limit,1797000,1600,itch_170799
14508454346329,new,171043,buy,limit,1795900,800,itch_171043
14508928014385,cancel,171043,,,,,
14509090651188,new,171171,buy,limit,1795900,800,itch_171171
14510462694250,cancel,165711,,,,,
14510466686934,cancel,164139,,,,,
14510478103732,new,171643,sell,limit,1796300,800,itch_171643
14510567582743,new,171687,sell,limit,1797100,1600,itch_171687
14514027852606,cancel,171171,,,,,
14514032098579,cancel,171687,,,,,
14514032112279,new,172467,sell,limit,1796300,1600,itch_172467
14514033137261,cancel,167023,,,,,
14514048319727,new,172479,sell,limit,1796200,800,itch_172479
14514171737472,new,172495,buy,limit,1795000,1600,itch_172495
14516867267131,cancel,170799,,,,,
14516867284486,new,172907,sell,limit,1796200,1600,itch_172907
14516936201519,new,172919,sell,limit,1796100,800,itch_172919
14516936296752,cancel,171643,,,,,
14517029304428,cancel,172919,,,,,
14517033323088,cancel,172907,,,,,
14517199621492,new,172955,sell,limit,1797000,1600,itch_172955
14519416011734,cancel,172955,,,,,
14519416037759,new,173463,sell,limit,1796200,1600,itch_173463
14519422961299,cancel,164951,,,,,
14519435469696,new,173471,sell,limit,1796100,800,itch_173471
14519438939847,new,173475,buy,limit,1795700,800,itch_173475
14519565677165,cancel,173471,,,,,
14519569684696,cancel,173463,,,,,
14519579907741,new,173491,buy,limit,1795800,800,itch_173491
14519670797064,new,173499,sell,limit,1797000,1600,itch_173499
14520297431379,cancel,173499,,,,,
14520297447976,new,173707,sell,limit,1796200,1600,itch_173707
14520318588394,new,173715,sell,limit,1796100,800,itch_173715
14520620745329,cancel,173491,,,,,
14521063827365,new,174135,buy,limit,1730000,1,itch_174135
14521136312148,cancel,173475,,,,,
14521140324545,cancel,157451,,,,,
14521156411016,new,174155,buy,limit,1795600,800,itch_174155
14521241065865,new,174227,buy,limit,1794900,1600,itch_174227
14522006076975,new,174347,buy,limit,1795700,1600,itch_174347
14522006109297,cancel,174227,,,,,
14522017822334,new,174371,buy,limit,1795700,800,itch_174371
14522621086717,cancel,174135,,,,,
14522791420192,cancel,174371,,,,,
14522795425080,cancel,174347,,,,,
14522902731880,new,174771,buy,limit,1794900,1600,itch_174771
14523136031050,cancel,154039,,,,,
14523136048230,new,174939,sell,limit,1796100,1600,itch_174939
14523513376138,new,175155,sell,limit,1796000,800,itch_175155
14523513480024,cancel,172479,,,,,
14526504097082,cancel,175155,,,,,
14526508098445,cancel,174939,,,,,
14526670799181,new,175611,sell,limit,1796900,1600,itch_175611
14526834568747,cancel,175611,,,,,
14526854293812,new,175623,sell,limit,1796000,800,itch_175623
14527003811684,new,175663,sell,limit,1796100,1600,itch_175663
14528769534761,cancel,175623,,,,,
14528773533456,cancel,175663,,,,,
14528927021440,new,175963,sell,limit,1796900,1600,itch_175963
14529314322961,new,176047,buy,limit,1795700,800,itch_176047
14530772250963,new,176155,buy,limit,1795700,1600,itch_176155
14530772265047,cancel,174771,,,,,
14530788868951,new,176163,buy,limit,1795800,800,itch_176163
14530788948739,cancel,174155,,,,,
14530906985876,cancel,176163,,,,,
14533589604511,new,176871,buy,limit,1730000,1,itch_176871
14533694429766,cancel,176047,,,,,
14533694596377,cancel,176155,,,,,
14533699336466,new,176887,sell,limit,1796100,2500,itch_176887
14533699353313,cancel,175963,,,,,
14533720416157,new,176895,sell,limit,1796000,800,itch_176895
14533723827548,new,176899,buy,limit,1795600,800,itch_176899
14533798865351,new,176915,buy,limit,1794900,1600,itch_176915
14534678193859,cancel,176895,,,,,
14534682200678,cancel,176887,,,,,
14534682746546,new,177147,buy,limit,1795700,1600,itch_177147
14534682761693,cancel,176915,,,,,
14534693912825,new,177155,buy,limit,1795700,800,itch_177155
14534786891964,new,177171,sell,limit,1796900,1600,itch_177171
14536381249388,cancel,177155,,,,,
14536385253645,cancel,177147,,,,,
14536485616613,new,177523,buy,limit,1794900,1600,itch_177523
14537517516967,cancel,177171,,,,,
14537517534996,new,177803,sell,limit,1796100,1600,itch_177803
14537580233384,new,177823,sell,limit,1796000,800,itch_177823
14539029796662,cancel,176871,,,,,
14540739235043,cancel,176899,,,,,
14540768058318,new,178623,buy,limit,1795600,800,itch_178623
14541455495319,cancel,177823,,,,,
14541459492041,cancel,177803,,,,,
14541577211943,new,178731,sell,limit,1796100,1600,itch_178731
14541640901645,new,178735,sell,limit,1796000,800,itch_178735
14544280381648,cancel,178623,,,,,
14544284389375,cancel,128695,,,,,
14544300831226,new,179227,buy,limit,1795500,800,itch_179227
14544348870402,new,179271,buy,limit,1795600,800,itch_179271
14544416873434,new,179371,buy,limit,1794800,1600,itch_179371
14544635041646,cancel,179271,,,,,
14545159228097,new,179555,buy,limit,1795600,800,itch_179555
14545829391650,cancel,179555,,,,,
14545857116907,new,179583,buy,limit,1795600,800,itch_179583
14550871827492,modify,179371,,,1795600,1600,
14552433522242,cancel,154047,,,,,
14552433541440,new,181099,sell,limit,1796000,1600,itch_181099
14552450034067,new,181103,sell,limit,1795900,800,itch_181103
14552450144087,cancel,173715,,,,,
14553618202324,cancel,181103,,,,,
14554685873257,new,181235,buy,limit,1730000,1,itch_181235
14555797943908,cancel,181235,,,,,
14556241712182,new,181643,buy,limit,1795700,1600,itch_181643
14556241731485,cancel,177523,,,,,
14556569807375,cancel,181643,,,,,
14556670261926,new,181711,buy,limit,1794900,1600,itch_181711
14558140730370,new,181871,sell,limit,1795900,800,itch_181871
14558564145328,cancel,181871,,,,,
14558804076424,new,182031,sell,limit,1795900,800,itch_182031
14562468263196,cancel,179583,,,,,
14564860702942,modify,182031,,,,500,
14564875239275,new,187379,buy,limit,1795600,800,itch_187379
14568620433574,cancel,187379,,,,,
14570986533411,new,188355,buy,limit,1795600,800,itch_188355
14572180654962,cancel,188355,,,,,
14573637951434,new,188803,buy,limit,1795600,800,itch_188803
14578354615549,cancel,188803,,,,,
14578354626711,cancel,179227,,,,,
14578358917265,cancel,154671,,,,,
14578358943172,new,189947,sell,limit,1795900,1600,itch_189947
14578381747502,cancel,189947,,,,,
14578577207004,new,189955,sell,limit,1796700,1600,itch_189955
14578734943573,cancel,182031,,,,,
14578749389530,new,189991,buy,limit,1795600,800,itch_189991
14578751175804,new,189995,sell,limit,1795900,800,itch_189995
14580214709008,cancel,189995,,,,,
14580309556010,new,190615,sell,limit,1795900,800,itch_190615
14582764040578,cancel,189991,,,,,
14583106894781,new,192651,buy,limit,1795600,800,itch_192651
14583245285337,cancel,190615,,,,,
14583245718370,modify,181711,,,1795700,2500,
14583250792549,cancel,178735,,,,,
14583251176363,cancel,181099,,,,,
14583262820779,new,192715,buy,limit,1795700,800,itch_192715
14583271070055,new,192723,sell,limit,1796100,800,itch_192723
14583416875652,new,192747,sell,limit,1796800,1600,itch_192747
14583560553057,new,192839,sell,limit,1796000,800,itch_192839
14585811587921,cancel,192715,,,,,
14585992065225,new,194251,buy,limit,1795700,800,itch_194251
14586331584171,cancel,194251,,,,,
14586866885813,new,194351,buy,limit,1795700,800,itch_194351
14587552901988,cancel,194351,,,,,
14588187608099,new,194803,buy,limit,1795700,800,itch_194803
14588372617483,cancel,192839,,,,,
14588503754145,modify,172495,,,1795800,1600,
14588514718432,new,195271,buy,limit,1795800,800,itch_195271
14588514859984,cancel,192651,,,,,
14590016370437,modify,192723,,,,500,
14590017242091,cancel,178731,,,,,
14590017598099,cancel,192723,,,,,
14590020886562,new,195843,buy,limit,1795900,2500,itch_195843
14590020903688,cancel,156951,,,,,
14590021568897,cancel,173707,,,,,
14590033139464,new,195875,buy,limit,1795900,800,itch_195875
14590033256747,cancel,194803,,,,,
14590041871194,new,195891,sell,limit,1796200,800,itch_195891
14590119444546,new,195919,sell,limit,1796900,1600,itch_195919
14590327205148,new,195959,sell,limit,1797000,1600,itch_195959
14591005283414,cancel,195875,,,,,
14591403056182,cancel,195959,,,,,
14591403070796,new,196371,sell,limit,1796200,1600,itch_196371
14591404117005,cancel,195843,,,,,
14591419680588,new,196387,sell,limit,1796100,800,itch_196387
14591536898808,new,196411,buy,limit,1795100,1600,itch_196411
14592110406123,modify,196387,,,,500,
14592111354430,cancel,196387,,,,,
14592115221930,modify,196411,,,1795900,1600,
14592115369094,cancel,196371,,,,,
14592126434976,new,196787,buy,limit,1795900,800,itch_196787
14592270799539,new,196887,sell,limit,1797000,1600,itch_196887
14592297065089,cancel,196787,,,,,
14592297079710,cancel,195271,,,,,
14592308852517,cancel,196887,,,,,
14592309538692,cancel,196411,,,,,
14592309554053,new,196911,sell,limit,1796200,2500,itch_196911
14592326124750,new,196923,buy,limit,1795800,800,itch_196923
14592410535599,new,196955,buy,limit,1795100,1600,itch_196955
14592775566355,cancel,196923,,,,,
14592779561192,cancel,172495,,,,,
14592790293754,new,197095,sell,limit,1796100,800,itch_197095
14592795726811,new,197099,buy,limit,1795700,800,itch_197099
14592879772021,new,197103,buy,limit,1795000,1600,itch_197103
14593028410279,new,197139,buy,limit,1795800,800,itch_197139
14593183178930,cancel,197139,,,,,
14595870015306,cancel,197099,,,,,
14595873474843,cancel,195919,,,,,
14595873493158,new,197675,sell,limit,1796100,1600,itch_197675
14595889955228,new,197687,sell,limit,1796000,800,itch_197687
14595890048077,cancel,195891,,,,,
14598359450201,cancel,192747,,,,,
14598359468406,new,198115,sell,limit,1796000,1600,itch_198115
14603329838123,cancel,181711,,,,,
14603341380819,new,199259,sell,limit,1795900,800,itch_199259
14603341487060,cancel,197095,,,,,
14603346074434,new,199263,buy,limit,1795600,800,itch_199263
14603433522149,new,199327,buy,limit,1794900,1600,itch_199327
14606679796698,cancel,199259,,,,,
14606695386794,new,200159,sell,limit,1795900,800,itch_200159
14607912252749,cancel,199263,,,,,
14607916643967,cancel,189955,,,,,
14607916663492,new,200639,sell,limit,1795900,1600,itch_200639
14608230773037,cancel,200639,,,,,
14608413529519,new,200835,sell,limit,1796700,1600,itch_200835
14608498826438,cancel,200835,,,,,
14608664856922,new,200883,sell,limit,1795900,1600,itch_200883
14609769402370,new,201007,sell,limit,1795800,800,itch_201007
14609769529923,cancel,197687,,,,,
14611541174216,cancel,179371,,,,,
14611545765728,new,201611,sell,limit,1795800,2500,itch_201611
14611545782790,cancel,156763,,,,,
14611566193927,new,201643,sell,limit,1795700,800,itch_201643
14611566303576,cancel,200159,,,,,
14611570139867,new,201647,buy,limit,1795500,800,itch_201647
14611666171447,new,201695,buy,limit,1794800,1600,itch_201695
14612338772233,cancel,201647,,,,,
14612338951666,cancel,128799,,,,,
14612345931634,cancel,157275,,,,,
14612345953228,new,201839,sell,limit,1795700,1600,itch_201839
14612440181330,new,201931,buy,limit,1794700,1600,itch_201931
14613130323069,cancel,128907,,,,,
14613146772434,new,202259,buy,limit,1795300,800,itch_202259
14613255853563,new,202279,buy,limit,1795400,1600,itch_202279
14613256039975,cancel,201839,,,,,
14613416871953,new,202303,sell,limit,1796500,1600,itch_202303
14613691248853,new,202391,buy,limit,1795400,800,itch_202391
14613709138540,cancel,201643,,,,,
14613921024101,new,202423,buy,limit,1795500,800,itch_202423
14613921144020,cancel,202259,,,,,
14614893313205,cancel,202423,,,,,
14615282450308,cancel,202391,,,,,
14615296906847,new,202835,sell,limit,1795700,800,itch_202835
14615429635336,new,202863,buy,limit,1795400,800,itch_202863
14616891909170,cancel,202863,,,,,
14617051269014,new,203323,buy,limit,1795400,800,itch_203323
14617415593064,cancel,203323,,,,,
14618377187629,cancel,202835,,,,,
14618391732310,new,203947,buy,limit,1795400,800,itch_203947
14620243659147,new,204339,buy,limit,1795500,800,itch_204339
14620278196359,cancel,201007,,,,,
14620281582104,new,204363,buy,limit,1795500,1600,itch_204363
14620281599525,cancel,201931,,,,,
14620281948603,cancel,201611,,,,,
14620299055436,new,204415,sell,limit,1795900,800,itch_204415
14620382029912,new,204447,sell,limit,1796600,1600,itch_204447
14621009843720,new,204695,sell,limit,1795800,800,itch_204695
14623119654347,cancel,204695,,,,,
14624300092576,new,205471,sell,limit,1795800,800,itch_205471
14624426185888,cancel,205471,,,,,
14625378005797,cancel,204339,,,,,
14625381863703,cancel,204363,,,,,
14625382505989,cancel,204447,,,,,
14625382520736,new,205719,sell,limit,1795800,1600,itch_205719
14625406651263,new,205731,sell,limit,1795700,800,itch_205731
14625486840833,new,205755,buy,limit,1794700,1600,itch_205755
14625988870415,cancel,205731,,,,,
14626005025203,new,205823,sell,limit,1795800,800,itch_205823
14626304570428,new,205863,sell,limit,1795700,800,itch_205863
14626304691112,cancel,204415,,,,,
14627175818384,cancel,205863,,,,,
14627288069376,new,205927,sell,limit,1795700,800,itch_205927
14628767693327,cancel,202303,,,,,
14628767711862,new,206079,sell,limit,1795700,1600,itch_206079
14628779725286,cancel,206079,,,,,
14629003633958,new,206099,sell,limit,1796500,1600,itch_206099
14631100276250,cancel,203947,,,,,
14631104254793,cancel,206099,,,,,
14631104272604,new,206519,sell,limit,1795700,1600,itch_206519
14631205165746,cancel,206519,,,,,
14631305827185,new,206567,sell,limit,1796500,1600,itch_206567
14632244083925,modify,205755,,,1795500,2500,
14632244105497,cancel,205927,,,,,
14632244118207,cancel,205823,,,,,
14632259684382,new,206655,buy,limit,1795500,800,itch_206655
14632273222222,new,206659,sell,limit,1795800,800,itch_206659
14632424143411,cancel,205719,,,,,
14632424154316,cancel,200883,,,,,
14632424159502,cancel,206659,,,,,
14632453067941,new,206703,sell,limit,1795900,800,itch_206703
14632533648455,new,206711,sell,limit,1795900,1600,itch_206711
14632786892338,new,206719,sell,limit,1796600,1600,itch_206719
14633882953736,cancel,206711,,,,,
14633885296616,cancel,206703,,,,,
14633887848414,modify,201695,,,1795600,1600,
14633888153509,modify,199327,,,1795700,2500,
14633897056078,cancel,199327,,,,,
14633903800622,cancel,201695,,,,,
14633911430812,new,207267,sell,limit,1795900,800,itch_207267
14633983797696,new,207355,sell,limit,1795900,1600,itch_207355
14634112012094,new,207415,buy,limit,1794900,1600,itch_207415
14634312155540,new,207455,buy,limit,1794800,1600,itch_207455
14634550894351,new,207487,sell,limit,1795800,800,itch_207487
14635583030135,cancel,206655,,,,,
14635587025708,cancel,205755,,,,,
14635603257371,new,207683,buy,limit,1795400,800,itch_207683
14635769930331,new,207695,buy,limit,1794700,1600,itch_207695
14636040576712,new,207867,buy,limit,1795500,800,itch_207867
14637058446990,cancel,207867,,,,,
14637252292178,modify,207695,,,1795500,1600,
14637263564845,new,208163,buy,limit,1795500,800,itch_208163
14637443998740,cancel,208163,,,,,
14637448017479,cancel,207695,,,,,
14637577211752,new,208219,buy,limit,1794700,1600,itch_208219
14639815367738,cancel,206719,,,,,
14639815383807,new,208443,sell,limit,1795800,1600,itch_208443
14639836779852,new,208447,sell,limit,1795700,800,itch_208447
14639836907804,cancel,207267,,,,,
14640574375317,cancel,207683,,,,,
14640578598598,cancel,206567,,,,,
14640578621406,new,208615,sell,limit,1795700,1600,itch_208615
14640579320085,cancel,202279,,,,,
14640603078347,new,208631,buy,limit,1795300,800,itch_208631
14640683030220,new,208639,buy,limit,1794600,1600,itch_208639
14641235062951,new,208771,sell,limit,1795600,800,itch_208771
14641235170732,cancel,207487,,,,,
14641337598699,cancel,208631,,,,,
14641341816358,cancel,161671,,,,,
14641341833529,new,208967,sell,limit,1795600,1600,itch_208967
14641362506587,new,208999,sell,limit,1795500,800,itch_208999
14641362606475,cancel,208447,,,,,
14641393498333,cancel,154087,,,,,
14641410150835,new,209031,buy,limit,1795200,800,itch_209031
14641424986088,cancel,208999,,,,,
14641441078216,new,209039,sell,limit,1795500,800,itch_209039
14641497375578,new,209063,buy,limit,1794500,1600,itch_209063
14642227815122,cancel,209031,,,,,
14642231810618,cancel,154683,,,,,
14642232338402,new,209335,sell,limit,1795500,2500,itch_209335
14642232355098,cancel,172467,,,,,
14642257568981,new,209415,buy,limit,1795100,800,itch_209415
14642332933094,new,209487,buy,limit,1794400,1600,itch_209487
14642399231858,cancel,209415,,,,,
14642608847437,cancel,196911,,,,,
14642608864044,new,209603,sell,limit,1795400,1600,itch_209603
14642620812557,new,209647,sell,limit,1795400,800,itch_209647
14642620828824,cancel,208771,,,,,
14642783633217,new,209811,sell,limit,1795300,800,itch_209811
14642783742524,cancel,209039,,,,,
14643056812918,cancel,209811,,,,,
14643128761751,new,209983,sell,limit,1795300,800,itch_209983
14643216364263,cancel,209983,,,,,
14643230476556,cancel,209603,,,,,
14643416873678,new,210111,sell,limit,1796200,1600,itch_210111
14644183020679,cancel,209647,,,,,
14644199600865,new,210291,buy,limit,1795100,800,itch_210291
14644199620206,new,210295,sell,limit,1795500,800,itch_210295
14644301052076,new,210463,buy,limit,1795200,800,itch_210463
14645240108390,cancel,210463,,,,,
14645497224082,new,210763,buy,limit,1795200,800,itch_210763
14645885119221,cancel,210763,,,,,
14646073110367,modify,209487,,,1795200,1600,
14646084231211,new,210819,buy,limit,1795200,800,itch_210819
14646901348776,cancel,210295,,,,,
14646905367623,cancel,209335,,,,,
14646926402846,new,211023,sell,limit,1795600,800,itch_211023
14647035623499,new,211047,sell,limit,1796300,1600,itch_211047
14648508041269,new,211379,buy,limit,1795300,800,itch_211379
14648508161160,cancel,210291,,,,,
14648829685628,cancel,208967,,,,,
14648830105063,new,211463,buy,limit,1795300,1600,itch_211463
14648830122602,cancel,209063,,,,,
14648865108362,cancel,211379,,,,,
14648930244819,new,211531,sell,limit,1796400,1600,itch_211531
14649235688504,cancel,211531,,,,,
14649235703560,new,211675,sell,limit,1795600,1600,itch_211675
14649235920679,cancel,211463,,,,,
14649336067857,new,211683,buy,limit,1794500,1600,itch_211683
14650086886553,cancel,211023,,,,,
14650089254805,cancel,211675,,,,,
14650090465464,new,211751,buy,limit,1795300,1600,itch_211751
14650090481775,cancel,211683,,,,,
14650101491367,new,211755,buy,limit,1795300,800,itch_211755
14650102121221,new,211759,sell,limit,1795600,800,itch_211759
14650209518701,new,211763,sell,limit,1796400,1600,itch_211763
14650712431092,cancel,211759,,,,,
14650728532616,new,211799,sell,limit,1795700,800,itch_211799
14650746213171,new,211843,buy,limit,1795400,1600,itch_211843
14650746228910,cancel,208639,,,,,
14650746992804,cancel,208615,,,,,
14650870798937,new,211887,sell,limit,1795700,1600,itch_211887
14651098357627,cancel,211843,,,,,
14651129115745,new,211915,sell,limit,1795600,800,itch_211915
14651209540883,new,211923,buy,limit,1794600,1600,itch_211923
14652192778767,cancel,211915,,,,,
14652224233153,new,212043,sell,limit,1795600,800,itch_212043
14652516747991,cancel,211755,,,,,
14652520867300,cancel,211763,,,,,
14652520886227,new,212171,sell,limit,1795600,1600,itch_212171
14653335989298,cancel,212171,,,,,
14653435992838,new,212271,sell,limit,1796400,1600,itch_212271
14653625454044,cancel,212271,,,,,
14653670798123,new,212283,sell,limit,1795600,1600,itch_212283
14655272678809,cancel,211751,,,,,
14655416882243,new,212523,buy,limit,1794500,1600,itch_212523
14656687124579,cancel,212283,,,,,
14656687140111,cancel,212043,,,,,
14656691547219,new,212903,buy,limit,1795300,1600,itch_212903
14656691561017,cancel,212523,,,,,
14656703270454,new,212919,buy,limit,1795300,800,itch_212919
14656715655441,new,212923,sell,limit,1795600,800,itch_212923
14656788008660,new,212943,sell,limit,1796400,1600,itch_212943
14656978127415,cancel,212919,,,,,
14658677160674,new,213247,buy,limit,1795300,800,itch_213247
14661763833463,cancel,213247,,,,,
14662413379013,cancel,212943,,,,,
14662413397333,new,213923,sell,limit,1795600,1600,itch_213923
14666339493617,cancel,212903,,,,,
14666440196163,new,214963,buy,limit,1794500,1600,itch_214963
14667346376251,new,215047,sell,limit,1795500,800,itch_215047
14667346492332,cancel,211799,,,,,
14680423884254,cancel,215047,,,,,
14682470361948,new,218491,sell,limit,1795500,800,itch_218491
14686093108719,cancel,218491,,,,,
14689765559396,new,220195,sell,limit,1795500,800,itch_220195
14693160186492,cancel,220195,,,,,
14693321383140,new,220727,sell,limit,1795500,800,itch_220727
14695078075661,cancel,220727,,,,,
14696748759690,new,221587,sell,limit,1795500,800,itch_221587
14700409471719,cancel,209487,,,,,
14700409485588,cancel,210819,,,,,
14700413841589,cancel,211047,,,,,
14700413856695,new,222183,sell,limit,1795500,1600,itch_222183
14700435405477,new,222195,sell,limit,1795400,800,itch_222195
14700435498020,cancel,212923,,,,,
14700444658861,new,222199,buy,limit,1795100,800,itch_222199
14700485587007,cancel,222199,,,,,
14700488363320,cancel,196955,,,,,
14700488387058,new,222231,sell,limit,1795400,2500,itch_222231
14700488400709,cancel,210111,,,,,
14700505562841,new,222263,sell,limit,1795300,800,itch_222263
14700505663620,cancel,221587,,,,,
14700510361158,new,222279,buy,limit,1794400,1600,itch_222279
14700759375209,new,222371,buy,limit,1794300,1600,itch_222371
14702043543158,new,222531,buy,limit,1795000,800,itch_222531
14702099022018,cancel,222531,,,,,
14702218090661,new,222743,buy,limit,1795000,800,itch_222743
14703352313312,cancel,222743,,,,,
14703980630086,new,223159,buy,limit,1795000,800,itch_223159
14704298193548,cancel,223159,,,,,
14704845244722,new,223675,buy,limit,1795000,800,itch_223675
14705452556646,cancel,223675,,,,,
14707949695643,new,224639,buy,limit,1795000,800,itch_224639
14708767416068,new,225215,buy,limit,1795100,1600,itch_225215
14708767433781,cancel,222371,,,,,
14708998379354,cancel,222263,,,,,
14708999013388,cancel,222231,,,,,
14708999023051,cancel,222195,,,,,
14709015564919,new,225315,buy,limit,1795100,800,itch_225315
14709024129787,new,225327,sell,limit,1795500,800,itch_225327
14709099553173,new,225411,sell,limit,1796200,1600,itch_225411
14709429283420,new,225591,buy,limit,1795200,800,itch_225591
14709429421477,cancel,224639,,,,,
14709673719929,cancel,225591,,,,,
14709881950509,new,225887,buy,limit,1795200,800,itch_225887
14710143518763,cancel,225887,,,,,
14710428541080,new,226035,sell,limit,1795400,800,itch_226035
14710749335146,cancel,225315,,,,,
14711177688385,new,226307,buy,limit,1795100,800,itch_226307
14711178166928,cancel,226035,,,,,
14712308905013,new,226831,sell,limit,1795400,800,itch_226831
14712956947209,cancel,226307,,,,,
14713072971196,new,226955,buy,limit,1795100,800,itch_226955
14714012393249,cancel,226955,,,,,
14714910425703,new,227487,buy,limit,1795100,800,itch_227487
14715059016822,cancel,227487,,,,,
14715063192715,cancel,225411,,,,,
14715063218355,new,227519,sell,limit,1795400,1600,itch_227519
14715064780532,cancel,227519,,,,,
14715270805923,new,227643,sell,limit,1796200,1600,itch_227643
14715694391498,cancel,227643,,,,,
14715694404863,new,227999,sell,limit,1795400,1600,itch_227999
14715695398933,cancel,225215,,,,,
14715696344790,new,228007,sell,limit,1795300,2500,itch_228007
14715697054111,cancel,228007,,,,,
14715711457059,new,228015,sell,limit,1795300,800,itch_228015
14715711564005,cancel,225327,,,,,
14715734052924,new,228135,buy,limit,1795000,800,itch_228135
14715821993741,new,228199,buy,limit,1794300,1600,itch_228199
14716159914326,cancel,228135,,,,,
14716165314717,cancel,197675,,,,,
14716165332041,new,228523,sell,limit,1795300,1600,itch_228523
14717076553304,cancel,197103,,,,,
14717092270288,new,228907,buy,limit,1794900,800,itch_228907
14717184806812,new,228931,buy,limit,1794200,1600,itch_228931
14717196488656,new,228951,sell,limit,1795200,800,itch_228951
14717196604858,cancel,226831,,,,,
14717541632577,cancel,207415,,,,,
14717576856510,cancel,228951,,,,,
14717641764821,new,229063,buy,limit,1794900,1600,itch_229063
14717962374947,cancel,228523,,,,,
14718062527214,new,229211,sell,limit,1796100,1600,itch_229211
14718364892640,new,229531,buy,limit,1795000,800,itch_229531
14718384032555,new,229543,buy,limit,1795000,1600,itch_229543
14718384048168,cancel,228931,,,,,
14718545135704,cancel,229531,,,,,
14718857527988,new,229883,buy,limit,1795000,800,itch_229883
14720746959133,cancel,229883,,,,,
14720886777808,new,230419,buy,limit,1795100,800,itch_230419
14720886891658,modify,228907,,,,500,
14723644697353,cancel,229211,,,,,
14723644723630,new,231755,sell,limit,1795300,1600,itch_231755
14723650514668,cancel,229543,,,,,
14723662202332,new,231799,sell,limit,1795200,800,itch_231799
14723786893022,new,231895,buy,limit,1794200,1600,itch_231895
14723923215231,cancel,229063,,,,,
14723923277388,cancel,230419,,,,,
14723923301187,cancel,228907,,,,,
14723952565151,new,232023,buy,limit,1794900,500,itch_232023
14724024743882,new,232151,buy,limit,1794900,1600,itch_232151
14724177680260,cancel,232151,,,,,
14724180677851,cancel,198115,,,,,
14724180691356,new,232299,sell,limit,1795200,1600,itch_232299
14724203304534,cancel,232023,,,,,
14724218792416,new,232323,buy,limit,1794800,500,itch_232323
14724275697970,new,232343,sell,limit,1795100,800,itch_232343
14724275799461,cancel,228015,,,,,
14724277811201,new,232347,buy,limit,1794100,1600,itch_232347
14724279068261,cancel,232343,,,,,
14724404748216,new,232407,sell,limit,1795100,2500,itch_232407
14724404771562,cancel,207355,,,,,
14724409618447,cancel,232407,,,,,
14724511108768,new,232451,sell,limit,1795100,800,itch_232451
14724519339243,new,232455,buy,limit,1794900,500,itch_232455
14724567290532,cancel,232455,,,,,
14724612328000,new,232495,sell,limit,1795900,1600,itch_232495
14725164739152,cancel,232495,,,,,
14725164756263,new,232827,sell,limit,1795100,1600,itch_232827
14725705765018,cancel,232323,,,,,
14725709767277,cancel,207455,,,,,
14725739571910,new,233067,buy,limit,1794700,800,itch_233067
14725748102055,new,233071,sell,limit,1795000,800,itch_233071
14725748196118,cancel,231799,,,,,
14725828204150,new,233099,buy,limit,1794000,1600,itch_233099
14726874792261,cancel,233067,,,,,
14726989517168,new,233727,buy,limit,1794700,800,itch_233727
14727041324552,cancel,233727,,,,,
14727262917294,cancel,208443,,,,,
14727262939982,new,233915,sell,limit,1795000,1600,itch_233915
14727302719580,new,233955,buy,limit,1794700,800,itch_233955
14727719046504,cancel,233071,,,,,
14727723054845,cancel,233915,,,,,
14727823896326,new,234215,sell,limit,1795800,1600,itch_234215
14727931865788,new,234275,buy,limit,1794800,1600,itch_234275
14727931886406,cancel,233099,,,,,
14727938282187,cancel,232827,,,,,
14728063883565,new,234299,sell,limit,1795900,1600,itch_234299
14728090762208,cancel,234299,,,,,
14728270797866,new,234383,sell,limit,1795100,1600,itch_234383
14728339486638,cancel,234275,,,,,
14728439746545,new,234411,buy,limit,1794000,1600,itch_234411
14728459426594,new,234415,sell,limit,1795000,800,itch_234415
14729182423525,cancel,233955,,,,,
14729186792793,cancel,234215,,,,,
14729186810297,new,234671,sell,limit,1795000,1600,itch_234671
14729208216517,new,234675,sell,limit,1794900,800,itch_234675
14729208306407,cancel,232451,,,,,
14729273359777,cancel,208219,,,,,
14729273385770,new,234683,sell,limit,1794900,2500,itch_234683
14729273397350,cancel,211887,,,,,
14729273612238,cancel,234675,,,,,
14729288936305,new,234711,sell,limit,1794900,800,itch_234711
14729327461179,cancel,234683,,,,,
14729394346964,new,234755,buy,limit,1793900,1600,itch_234755
14729486839968,new,234815,sell,limit,1795700,1600,itch_234815
14730156220492,new,234943,buy,limit,1794600,800,itch_234943
14730163686996,cancel,234943,,,,,
14730398599017,new,235119,buy,limit,1794600,800,itch_235119
14730556173517,cancel,235119,,,,,
14731367233388,new,235587,buy,limit,1794600,800,itch_235587
14731776700189,cancel,235587,,,,,
14732068479262,cancel,234815,,,,,
14732068505580,new,235739,sell,limit,1794900,1600,itch_235739
14732070056908,cancel,211923,,,,,
14732086091146,new,235775,buy,limit,1794500,800,itch_235775
14732170805365,new,235791,buy,limit,1793800,1600,itch_235791
14732211490712,cancel,235739,,,,,
14732328202815,new,235915,sell,limit,1795700,1600,itch_235915
14732416874492,modify,235791,,,1794600,1600,
14732659482713,new,235971,buy,limit,1794600,800,itch_235971
14732665257580,cancel,235971,,,,,
14733069292201,new,236211,buy,limit,1794600,800,itch_236211
14733518033213,modify,235775,,,,500,
14733533153457,new,236615,buy,limit,1794700,500,itch_236615
14733533280936,cancel,235775,,,,,
14734196315437,cancel,236211,,,,,
14735499989017,new,9000000000000000004,buy,market,,200,itch_aggressor_9000000000000000004
14736156513878,cancel,234711,,,,,
14736459468423,new,237639,sell,limit,1794900,800,itch_237639
14737024359922,cancel,237639,,,,,
14737315090708,new,238171,sell,limit,1794900,800,itch_238171
14737721295428,cancel,235915,,,,,
14737721321132,new,238511,sell,limit,1794900,1600,itch_238511
14739547516530,cancel,235791,,,,,
14739548179633,cancel,236615,,,,,
14739559447807,new,238811,sell,limit,1794800,800,itch_238811
14739559465306,cancel,234415,,,,,
14739563821142,new,238815,buy,limit,1794600,500,itch_238815
14739670800532,new,238859,buy,limit,1793800,1600,itch_238859
14739905218018,cancel,238811,,,,,
14740041199643,new,239003,sell,limit,1794800,800,itch_239003
14740348375769,cancel,239003,,,,,
14740515864079,new,239359,sell,limit,1794800,800,itch_239359
14742005118532,cancel,213923,,,,,
14742005136509,new,240107,sell,limit,1794800,1600,itch_240107
14744072567393,cancel,214963,,,,,
14744172745815,new,241127,buy,limit,1793700,1600,itch_241127
14744563171919,cancel,238815,,,,,
14744579576328,new,241207,buy,limit,1794500,500,itch_241207
14746564043166,new,241927,buy,limit,1794500,1600,itch_241927
14746564060439,cancel,241127,,,,,
14746683170882,new,242063,buy,limit,1794600,500,itch_242063
14746740176723,cancel,240107,,,,,
14746823694896,cancel,239359,,,,,
14746828763100,cancel,238171,,,,,
14746833296824,modify,238859,,,1794600,1600,
14746840284053,new,242247,sell,limit,1795600,1600,itch_242247
14746850521889,new,242263,buy,limit,1794700,500,itch_242263
14746850627957,cancel,242063,,,,,
14746858798049,new,242271,sell,limit,1794900,800,itch_242271
14747322639685,cancel,242263,,,,,
14747351336333,new,242531,buy,limit,1794700,500,itch_242531
14747538228891,cancel,238859,,,,,
14747670797957,new,242639,buy,limit,1793800,1600,itch_242639
14748093134842,modify,242639,,,1794600,1600,
14748997408560,cancel,242639,,,,,
14749014436308,cancel,242531,,,,,
14749014449245,cancel,241207,,,,,
14749030899207,new,242951,sell,limit,1794800,800,itch_242951
14749042890189,new,242963,buy,limit,1794600,500,itch_242963
14749097807405,new,242987,buy,limit,1793800,1600,itch_242987
14750504823485,cancel,242247,,,,,
14750504841065,new,243575,sell,limit,1794800,1600,itch_243575
14751063083262,cancel,241927,,,,,
14751158222032,new,243727,sell,limit,1794700,800,itch_243727
14751158350351,cancel,242271,,,,,
14751207972114,new,243739,buy,limit,1793700,1600,itch_243739
14751274285609,cancel,243727,,,,,
14751476717516,new,243791,sell,limit,1794700,800,itch_243791
14752315345344,cancel,243791,,,,,
14752336912561,new,244051,sell,limit,1794700,800,itch_244051
14752899995507,cancel,242963,,,,,
14753067375596,cancel,222279,,,,,
14753083509813,new,244407,buy,limit,1794300,800,itch_244407
14753167894639,new,244471,buy,limit,1793600,1600,itch_244471
14753779107790,modify,244471,,,1794400,2500,
14753790734626,new,244663,buy,limit,1794400,800,itch_244663
14754358251452,cancel,244663,,,,,
14754358262790,cancel,244407,,,,,
14754362301406,cancel,244471,,,,,
14754362510968,cancel,222183,,,,,
14754362524717,new,244727,sell,limit,1794700,1600,itch_244727
14754387853888,new,244735,buy,limit,1794300,800,itch_244735
14754470797892,new,244803,buy,limit,1793600,1600,itch_244803
14755404717209,cancel,227999,,,,,
14755404731372,new,245035,sell,limit,1794600,1600,itch_245035
14755405251137,cancel,244735,,,,,
14755406031676,cancel,245035,,,,,
14755430583998,new,245075,buy,limit,1794300,800,itch_245075
14755651021895,new,245163,sell,limit,1795400,1600,itch_245163
14756222895527,new,245187,buy,limit,1794400,800,itch_245187
14758967002719,modify,244803,,,1794400,1600,
14759393839191,cancel,245187,,,,,
14759397841306,cancel,244803,,,,,
14759498495371,new,246139,buy,limit,1793600,1600,itch_246139
14760070155586,cancel,245075,,,,,
14760096348932,new,246503,buy,limit,1794300,800,itch_246503
14760705811574,new,246779,buy,limit,1794400,800,itch_246779
14761070878966,cancel,246779,,,,,
14761661792811,cancel,246503,,,,,
14761665884502,cancel,245163,,,,,
14761665898947,new,246959,sell,limit,1794600,1600,itch_246959
14761677893616,new,246967,sell,limit,1794600,800,itch_246967
14761677978765,cancel,242951,,,,,
14761870520528,cancel,228199,,,,,
14761886587053,new,247055,buy,limit,1794200,800,itch_247055
14762003485921,new,247095,buy,limit,1793500,1600,itch_247095
14762024711782,new,247103,sell,limit,1794500,800,itch_247103
14762024846480,cancel,244051,,,,,
14763329592593,cancel,247055,,,,,
14763643792954,cancel,247103,,,,,
14763643806374,cancel,246967,,,,,
14763659983508,new,248019,buy,limit,1794200,800,itch_248019
14763673530935,new,248023,sell,limit,1794600,800,itch_248023
14763799192703,cancel,248019,,,,,
14763989630845,new,248115,buy,limit,1794200,800,itch_248115
14763989647775,new,248119,sell,limit,1794500,800,itch_248119
14764001651201,cancel,248115,,,,,
14764808855494,cancel,231895,,,,,
14764813744848,cancel,231755,,,,,
14764813758676,new,248295,sell,limit,1794500,1600,itch_248295
14764818629302,cancel,248295,,,,,
14764837911187,new,248303,buy,limit,1794100,800,itch_248303
14764913885144,new,248383,buy,limit,1793400,1600,itch_248383
14764948710382,new,248399,buy,limit,1794200,2500,itch_248399
14764948725908,cancel,248383,,,,,
14765033739578,new,248431,sell,limit,1795300,1600,itch_248431
14765592210876,new,248551,buy,limit,1794200,800,itch_248551
14765943902164,cancel,248119,,,,,
14766190552050,new,248603,sell,limit,1794500,800,itch_248603
14766768726579,cancel,248603,,,,,
14766794687442,new,248675,sell,limit,1794500,800,itch_248675
14766934479124,cancel,248675,,,,,
14767281251851,modify,247095,,,1794300,1600,
14767562770110,cancel,247095,,,,,
14767578415580,new,248859,sell,limit,1794500,800,itch_248859
14767670806352,new,248903,buy,limit,1793500,1600,itch_248903
14769184700025,cancel,248551,,,,,
14769526125198,new,249687,buy,limit,1794200,800,itch_249687
14769634090116,cancel,249687,,,,,
14769649919372,new,249747,buy,limit,1794200,800,itch_249747
14769670836037,cancel,249747,,,,,
14770532666048,new,249923,buy,limit,1794200,800,itch_249923
14771345518789,cancel,249923,,,,,
14772349882018,new,250187,buy,limit,1794200,800,itch_250187
14772501653305,cancel,250187,,,,,
14772525508976,new,250459,buy,limit,1794200,800,itch_250459
14773056278450,cancel,248431,,,,,
14773056296250,new,250607,sell,limit,1794500,1600,itch_250607
14773332657112,cancel,250459,,,,,
14774920496059,new,251471,buy,limit,1794200,800,itch_251471
14776178739868,cancel,250607,,,,,
14776178985241,modify,248903,,,1794300,2500,
14776179473700,cancel,248903,,,,,
14776286894941,new,251847,sell,limit,1795300,1600,itch_251847
14776416872170,new,251959,buy,limit,1793500,1600,itch_251959
14778627405154,cancel,248859,,,,,
14778627417721,cancel,248023,,,,,
14778631755592,modify,251959,,,1794300,1600,
14778656538622,new,252599,sell,limit,1794600,800,itch_252599
14778761473826,cancel,251959,,,,,
14778862056617,new,252683,buy,limit,1793500,1600,itch_252683
14781405051684,new,253135,sell,limit,1794500,800,itch_253135
14782425653016,cancel,251471,,,,,
14783229984666,new,253883,buy,limit,1794200,800,itch_253883
14784264040435,cancel,253135,,,,,
14784559870416,modify,252683,,,1794300,1600,
14785139572533,cancel,252683,,,,,
14785239615523,new,254431,buy,limit,1793500,1600,itch_254431
14786850524667,new,254859,sell,limit,1794500,800,itch_254859
14787020146602,cancel,248399,,,,,
14787020147117,cancel,253883,,,,,
14787020160292,cancel,248303,,,,,
14787020166218,cancel,232347,,,,,
14787024854480,cancel,251847,,,,,
14787024871265,new,254911,sell,limit,1794500,1600,itch_254911
14787042339193,new,254935,sell,limit,1794400,800,itch_254935
14787042436369,cancel,252599,,,,,
14787048966432,new,254943,buy,limit,1794100,800,itch_254943
14787124663928,new,255047,buy,limit,1794100,1600,itch_255047
14787328203765,new,255435,buy,limit,1793400,1600,itch_255435
14788703327490,new,255611,sell,limit,1794400,2500,itch_255611
14788703344131,cancel,232299,,,,,
14790727644224,cancel,255611,,,,,
14790727659987,cancel,254935,,,,,
14790861355916,new,256351,sell,limit,1795200,1600,itch_256351
14795969825398,cancel,255047,,,,,
14795970077542,cancel,254943,,,,,
14795973926688,new,258647,sell,limit,1794400,2500,itch_258647
14795974005257,cancel,256351,,,,,
14795984222694,new,258683,sell,limit,1794400,800,itch_258683
14795997680579,new,258711,buy,limit,1794000,800,itch_258711
14796070802153,new,258819,buy,limit,1794100,1600,itch_258819
14796263909612,cancel,258819,,,,,
14796382674513,new,259095,buy,limit,1793300,1600,itch_259095
14797245221717,new,259415,buy,limit,1794100,800,itch_259415
14797259477399,modify,259095,,,1794100,1600,
14797561559592,cancel,258683,,,,,
14797565564144,cancel,258647,,,,,
14797668858559,new,259575,sell,limit,1795200,1600,itch_259575
14798227498583,new,259843,sell,limit,1794400,800,itch_259843
14798380215940,cancel,259843,,,,,
14798497896424,new,259971,sell,limit,1794400,800,itch_259971
14798791710609,cancel,259971,,,,,
14801316438401,new,261459,sell,limit,1794400,800,itch_261459
14804572462523,new,262563,buy,limit,1794200,100,itch_262563
14807998734740,cancel,261459,,,,,
14810197741718,cancel,259415,,,,,
14810201683573,cancel,259095,,,,,
14810213260367,new,264315,sell,limit,1794400,800,itch_264315
14810302229777,new,264327,buy,limit,1794100,1600,itch_264327
14810384277374,cancel,264315,,,,,
14811386297968,cancel,264327,,,,,
14811390432049,new,264651,sell,limit,1794400,800,itch_264651
14811486840798,new,264679,buy,limit,1793300,1600,itch_264679
14812038485698,cancel,259575,,,,,
14812038502950,new,264795,sell,limit,1794400,1600,itch_264795
14815378906929,cancel,262563,,,,,
14815379992385,new,265343,buy,limit,1794300,100,itch_265343
14816485127218,new,265599,sell,limit,1794400,800,itch_265599
14816485252468,cancel,254859,,,,,
14816555634249,cancel,265599,,,,,
14820568558591,cancel,234383,,,,,
14820568581898,new,266375,sell,limit,1794400,1600,itch_266375
14820650129775,cancel,258711,,,,,
14820650165337,modify,266375,,,,900,
14820665567584,new,266507,sell,limit,1794400,800,itch_266507
14820706239896,cancel,266507,,,,,
14820786897398,new,266631,sell,limit,1794400,1600,itch_266631
14820786934904,cancel,266631,,,,,
14821002918807,new,266687,sell,limit,1794400,1600,itch_266687
14821002962244,cancel,266687,,,,,
14821095668099,new,266735,sell,limit,1794400,800,itch_266735
14821101412595,cancel,266735,,,,,
14821203926095,new,266863,sell,limit,1795100,1600,itch_266863
14821231879958,new,266887,sell,limit,1794400,800,itch_266887
14821305105728,cancel,266887,,,,,
14822465324852,new,267383,sell,limit,1794400,800,itch_267383
14822525777103,cancel,267383,,,,,
14823331385201,cancel,264651,,,,,
14823335589660,modify,264679,,,1794100,1600,
14823359159101,new,267903,sell,limit,1794400,800,itch_267903
14825090299967,cancel,264679,,,,,
14825190603085,new,269307,buy,limit,1793300,1600,itch_269307
14825555813562,modify,269307,,,1794100,1600,
14826602843571,cancel,267903,,,,,
14826606823432,cancel,266375,,,,,
14826606838285,cancel,264795,,,,,
14826622698879,new,270035,sell,limit,1794500,800,itch_270035
14826753405402,new,270075,sell,limit,1795200,1600,itch_270075
14829081765935,cancel,254911,,,,,
14829202418000,new,270899,sell,limit,1795300,1600,itch_270899
14829210652242,modify,255435,,,1794200,1600,
14829524203423,cancel,270035,,,,,
14829528501285,modify,254431,,,1794300,1600,
14829553538298,new,271119,sell,limit,1794600,800,itch_271119
14830422517454,new,271431,sell,limit,1794500,800,itch_271431
14830531991048,cancel,254431,,,,,
14830632019976,new,271483,buy,limit,1793500,1600,itch_271483
14832273850147,cancel,270899,,,,,
14832273874787,new,271911,sell,limit,1794500,1600,itch_271911
14832347569596,cancel,271911,,,,,
14832486839427,new,271991,sell,limit,1795300,1600,itch_271991
14835378080109,cancel,271431,,,,,
14835382083102,modify,271483,,,1794300,1600,
14838063825061,new,273907,buy,limit,1794300,800,itch_273907
14838380170867,cancel,271119,,,,,
14840805146611,cancel,273907,,,,,
14840820535061,new,274731,sell,limit,1794600,800,itch_274731
14840911274098,cancel,274731,,,,,
14840915253409,cancel,246959,,,,,
14840926434398,new,274783,buy,limit,1794300,800,itch_274783
14840937497357,new,274791,sell,limit,1794700,800,itch_274791
14841036033527,new,274903,sell,limit,1795400,1600,itch_274903
14841415889414,cancel,274783,,,,,
14841419620063,new,275175,sell,limit,1794600,2500,itch_275175
14841419635950,cancel,274903,,,,,
14841428043271,cancel,275175,,,,,
14841670798049,new,275287,sell,limit,1795400,1600,itch_275287
14842014831374,new,275343,buy,limit,1794300,800,itch_275343
14842111552676,cancel,275343,,,,,
14842496190849,new,275639,sell,limit,1794600,800,itch_275639
14842510020552,cancel,275287,,,,,
14842510037798,new,275655,sell,limit,1794600,1600,itch_275655
14843196177867,cancel,275639,,,,,
14843203604250,cancel,275655,,,,,
14843215301920,new,275943,buy,limit,1794300,800,itch_275943
14843311637074,new,275987,sell,limit,1795400,1600,itch_275987
14843663123215,cancel,275943,,,,,
14843667104560,new,276071,sell,limit,1794600,2500,itch_276071
14843667128055,cancel,275987,,,,,
14843682886401,cancel,276071,,,,,
14843857019270,new,276099,sell,limit,1794600,800,itch_276099
14843870798482,new,276103,sell,limit,1795400,1600,itch_276103
14844395109842,cancel,276103,,,,,
14844395132916,new,276243,sell,limit,1794600,1600,itch_276243
14845462303096,cancel,276099,,,,,
14845645565848,new,276487,buy,limit,1794300,800,itch_276487
14845944680063,cancel,276487,,,,,
14846041460230,new,276695,sell,limit,1794600,800,itch_276695
14846183934970,cancel,276695,,,,,
14846242198843,new,276731,buy,limit,1794300,800,itch_276731
14846584085833,cancel,276243,,,,,
14846732908291,new,276783,sell,limit,1795400,1600,itch_276783
14848478624105,cancel,276731,,,,,
14848494180697,new,277143,sell,limit,1794600,800,itch_277143
14848710373176,cancel,277143,,,,,
14848725760501,new,277179,buy,limit,1794300,800,itch_277179
14848730341463,cancel,277179,,,,,
14849539599614,new,277379,buy,limit,1794300,800,itch_277379
14851844994426,cancel,277379,,,,,
14851848593513,new,277927,sell,limit,1794600,2500,itch_277927
14851848611149,cancel,276783,,,,,
14851856809550,cancel,277927,,,,,
14851896125737,new,277935,sell,limit,1794600,800,itch_277935
14851903763577,cancel,277935,,,,,
14851949842573,new,277979,sell,limit,1794600,800,itch_277979
14851957806764,cancel,277979,,,,,
14852049314277,new,278019,sell,limit,1795400,1600,itch_278019
14852164357204,new,278115,buy,limit,1794300,800,itch_278115
14852994050783,cancel,278115,,,,,
14854078637923,cancel,278019,,,,,
14854078655153,new,278527,sell,limit,1794600,1600,itch_278527
14854088347381,new,278559,sell,limit,1794600,800,itch_278559
14856098734707,cancel,278559,,,,,
14856159375449,cancel,278527,,,,,
14856260358720,new,279391,sell,limit,1795400,1600,itch_279391
14856405035861,new,279495,buy,limit,1794300,800,itch_279495
14857678527883,cancel,279495,,,,,
14857682332877,new,279747,sell,limit,1794600,2500,itch_279747
14857682349767,cancel,279391,,,,,
14857682778175,cancel,279747,,,,,
14857883354905,new,279791,sell,limit,1795400,1600,itch_279791
14858073564478,new,279815,sell,limit,1794600,2500,itch_279815
14858073580885,cancel,279791,,,,,
14858082127067,cancel,279815,,,,,
14858273822070,new,279839,sell,limit,1795400,1600,itch_279839
14859270570646,new,280311,buy,limit,1794300,800,itch_280311
14861505201698,cancel,280311,,,,,
14861738777344,new,281067,buy,limit,1794300,800,itch_281067
14862802583851,cancel,274791,,,,,
14862806798193,modify,246139,,,1794400,1600,
14862818026463,new,281327,buy,limit,1794400,800,itch_281327
14862830577647,new,281351,sell,limit,1794700,800,itch_281351
14863080989294,cancel,281351,,,,,
14863081737147,cancel,244727,,,,,
14863109159630,cancel,243575,,,,,
14863111312210,new,281559,sell,limit,1794800,800,itch_281559
14863120664049,new,281563,buy,limit,1794500,800,itch_281563
14863120785517,cancel,281067,,,,,
14863142576379,cancel,281563,,,,,
14863182198033,new,281779,sell,limit,1795500,1600,itch_281779
14863383134761,new,281943,sell,limit,1795600,1600,itch_281943
14863437148897,cancel,281559,,,,,
14863441423771,modify,243739,,,1794500,1600,
14863467019304,new,281983,sell,limit,1794900,800,itch_281983
14863509005348,new,282015,buy,limit,1794500,800,itch_282015
14863768404758,new,282095,sell,limit,1794800,800,itch_282095
14863892550971,cancel,282015,,,,,
14864055883115,cancel,282095,,,,,
14864071290287,new,282135,buy,limit,1794500,800,itch_282135
14864170979502,new,282171,sell,limit,1794800,800,itch_282171
14864576209175,cancel,282135,,,,,
14865004277401,cancel,281943,,,,,
14865004291805,new,282759,sell,limit,1794800,1600,itch_282759
14865004845035,cancel,243739,,,,,
14865105000115,new,282811,buy,limit,1793700,1600,itch_282811
14865728682033,cancel,282759,,,,,
14865728706611,cancel,282171,,,,,
14865728707531,new,282907,buy,limit,1794500,2500,itch_282907
14865728720509,cancel,282811,,,,,
14865753111412,new,282927,buy,limit,1794500,800,itch_282927
14865757723220,new,282931,sell,limit,1794800,800,itch_282931
14865870806661,new,282939,sell,limit,1795600,1600,itch_282939
14868991565999,cancel,282927,,,,,
14869415016014,cancel,282939,,,,,
14869415034718,new,283607,sell,limit,1794800,1600,itch_283607
14869417743264,cancel,282907,,,,,
14869536890618,new,283667,buy,limit,1793700,1600,itch_283667
14872661371048,new,284271,sell,limit,1794700,800,itch_284271
14872661498623,cancel,281983,,,,,
14873024754590,cancel,281327,,,,,
14873028765059,cancel,246139,,,,,
14873029418479,cancel,281779,,,,,
14873029432887,new,284463,sell,limit,1794700,1600,itch_284463
14873128893333,new,284515,buy,limit,1793600,1600,itch_284515
14873365895258,new,284631,buy,limit,1794300,800,itch_284631
14875103942018,cancel,284631,,,,,
14875120974611,new,285163,sell,limit,1794600,800,itch_285163
14875121034798,cancel,282931,,,,,
14875223772018,cancel,285163,,,,,
14875978742226,new,285243,buy,limit,1794300,800,itch_285243
14878324870019,cancel,285243,,,,,
14878340424783,new,285783,buy,limit,1794300,800,itch_285783
14878424684421,cancel,285783,,,,,
14878604410407,new,285855,buy,limit,1794300,800,itch_285855
14879166812741,new,285971,buy,limit,1794400,800,itch_285971
14879408876511,cancel,285971,,,,,
14880901178612,cancel,285855,,,,,
14881004772366,new,286767,buy,limit,1794300,800,itch_286767
14881162510685,cancel,286767,,,,,
14881900499003,new,287107,buy,limit,1794300,800,itch_287107
14882116265501,cancel,287107,,,,,
14884192858230,new,287607,buy,limit,1794300,800,itch_287607
14885110364188,cancel,287607,,,,,
14885888495745,cancel,279839,,,,,
14885888521715,new,287903,sell,limit,1794600,1600,itch_287903
14885899490981,new,287907,sell,limit,1794600,800,itch_287907
14888009104858,new,288603,sell,limit,1794600,60,itch_288603
14890873724576,cancel,271483,,,,,
14890974418227,new,289131,buy,limit,1793500,1600,itch_289131
14891200102310,new,289187,sell,limit,1794500,800,itch_289187
14891200198430,cancel,284271,,,,,
14891373387070,cancel,289187,,,,,
14891377551487,modify,289131,,,1794300,1600,
14891377641961,cancel,289131,,,,,
14891670805543,new,289367,buy,limit,1793500,1600,itch_289367
14891761299006,cancel,271991,,,,,
14891761314942,new,289531,sell,limit,1794500,1600,itch_289531
14891765697291,new,289539,sell,limit,1794500,800,itch_289539
14891948766762,cancel,289531,,,,,
14892070806967,new,289979,sell,limit,1795300,1600,itch_289979
14893360988840,cancel,288603,,,,,
14894618734499,cancel,289539,,,,,
14894634490724,new,291251,sell,limit,1794500,800,itch_291251
14897480503826,cancel,289979,,,,,
14897480530291,new,293063,sell,limit,1794500,1600,itch_293063
14898077602673,cancel,293063,,,,,
14898178238214,new,293403,sell,limit,1795300,1600,itch_293403
14906133440869,cancel,293403,,,,,
14906133458233,new,296267,sell,limit,1794500,1600,itch_296267
14906135787277,cancel,296267,,,,,
14906364229036,new,296335,sell,limit,1795300,1600,itch_296335
14906956075034,cancel,291251,,,,,
14906956089583,cancel,287907,,,,,
14906960902475,new,296463,buy,limit,1794300,1600,itch_296463
14906960917953,cancel,289367,,,,,
14906985670075,new,296475,sell,limit,1794600,800,itch_296475
14908022620849,cancel,296475,,,,,
14908026616959,cancel,287903,,,,,
14908043222567,new,296843,sell,limit,1794700,800,itch_296843
14908102868796,new,296863,buy,limit,1794300,800,itch_296863
14908129123690,new,296867,sell,limit,1795400,1600,itch_296867
14908992162265,cancel,296863,,,,,
14909802485177,new,297203,buy,limit,1794300,800,itch_297203
14910091728592,cancel,297203,,,,,
14911633329674,new,297923,buy,limit,1794300,800,itch_297923
14911847184297,cancel,297923,,,,,
14913014161685,new,298451,buy,limit,1794300,800,itch_298451
14913434048425,new,298567,buy,limit,1794400,800,itch_298567
14914359938851,cancel,298567,,,,,
14914826182293,new,298875,buy,limit,1794400,800,itch_298875
14915018516511,cancel,298875,,,,,
14915438163025,cancel,296843,,,,,
14915442385512,new,299043,buy,limit,1794400,1600,itch_299043
14915442402554,cancel,284515,,,,,
14915442679987,cancel,284463,,,,,
14915453404271,new,299055,buy,limit,1794400,800,itch_299055
14915466674396,new,299059,sell,limit,1794800,800,itch_299059
14915552519145,new,299083,sell,limit,1795500,1600,itch_299083
14916924567163,new,299483,sell,limit,1794700,800,itch_299483
14917541431502,cancel,299483,,,,,
14917677335460,new,299843,sell,limit,1794700,800,itch_299843
14917973126678,cancel,299843,,,,,
14922885180062,new,301079,sell,limit,1794700,800,itch_301079
14923505686214,cancel,301079,,,,,
14925287176922,cancel,283607,,,,,
14925300392296,new,301663,buy,limit,1794500,800,itch_301663
14925300511766,cancel,298451,,,,,
14925351230989,cancel,301663,,,,,
14925387625636,new,301723,sell,limit,1795600,1600,itch_301723
14925481784899,new,301759,buy,limit,1794500,800,itch_301759
14925512563422,cancel,301759,,,,,
14925784890923,cancel,299059,,,,,
14925788391352,new,301863,buy,limit,1794500,1600,itch_301863
14925788415539,cancel,283667,,,,,
14925799428039,new,301887,buy,limit,1794500,800,itch_301887
14925812346958,new,301907,sell,limit,1794900,800,itch_301907
14925854090979,cancel,242987,,,,,
14925889184038,cancel,301887,,,,,
14925963343061,new,302087,buy,limit,1794500,800,itch_302087
14925992389575,new,302099,buy,limit,1793800,1600,itch_302099
14926256093031,new,302219,sell,limit,1794800,800,itch_302219
14926529227856,cancel,302087,,,,,
14927111975881,cancel,301723,,,,,
14927111994245,new,302663,sell,limit,1794800,1600,itch_302663
14928313020680,cancel,302663,,,,,
14928318707830,cancel,302219,,,,,
14928332948211,new,303131,buy,limit,1794500,800,itch_303131
14928416872910,new,303159,sell,limit,1795600,1600,itch_303159
14928587293212,modify,301907,,,,500,
14928590106117,modify,302099,,,1794600,1600,
14928591311476,cancel,238511,,,,,
14928786890421,new,303403,sell,limit,1795700,1600,itch_303403
14929701724291,cancel,303403,,,,,
14929701749241,new,303667,sell,limit,1794900,1600,itch_303667
14930327724224,cancel,302099,,,,,
14930341514753,new,303751,sell,limit,1794800,800,itch_303751
14930433530126,new,303819,buy,limit,1793800,1600,itch_303819
14930804235165,cancel,303131,,,,,
14930809042275,cancel,303159,,,,,
14930809058811,new,303951,sell,limit,1794800,1600,itch_303951
14930810089889,cancel,301863,,,,,
14930926173423,new,304143,buy,limit,1793700,1600,itch_304143
14932055969127,cancel,303951,,,,,
14932179761814,new,304895,sell,limit,1795600,1600,itch_304895
14932535690105,cancel,304895,,,,,
14932535706406,new,304987,sell,limit,1794800,1600,itch_304987
14936664673187,cancel,304987,,,,,
14936664862434,modify,304143,,,1794500,1600,
14936669392872,cancel,303751,,,,,
14936675628847,new,306387,buy,limit,1794500,800,itch_306387
14936685822831,new,306391,sell,limit,1794800,800,itch_306391
14936765297358,new,306411,sell,limit,1795600,1600,itch_306411
14937899171084,cancel,306391,,,,,
14937905480718,modify,303819,,,1794600,1600,
14938449173979,cancel,303819,,,,,
14938460714061,new,306927,sell,limit,1794800,800,itch_306927
14938577213535,new,306947,buy,limit,1793800,1600,itch_306947
14938737445073,cancel,306927,,,,,
14939668667343,modify,306947,,,1794600,1600,
14940278008099,cancel,306947,,,,,
14940289777665,new,307539,sell,limit,1794800,800,itch_307539
14940416881125,new,307559,buy,limit,1793800,1600,itch_307559
14940566883984,cancel,306387,,,,,
14940570685585,cancel,306411,,,,,
14940570699298,new,307615,sell,limit,1794800,1600,itch_307615
14940581564637,cancel,307615,,,,,
14940786897960,new,308011,sell,limit,1795600,1600,itch_308011
14941097003815,cancel,308011,,,,,
14941097020362,new,308227,sell,limit,1794800,1600,itch_308227
14941273842145,cancel,304143,,,,,
14941385768284,new,308299,buy,limit,1793700,1600,itch_308299
14941486462689,cancel,299055,,,,,
14941490448151,cancel,299043,,,,,
14941490885811,cancel,299083,,,,,
14941490898781,new,308951,sell,limit,1794700,1600,itch_308951
14941491829619,new,308999,sell,limit,1794600,2500,itch_308999
14941497437345,cancel,296463,,,,,
14941531660218,new,309507,sell,limit,1794600,800,itch_309507
14941531781428,cancel,301907,,,,,
14941542357966,cancel,296867,,,,,
14941594943419,new,310115,buy,limit,1793600,1600,itch_310115
14941817038185,new,310435,buy,limit,1793500,1600,itch_310435
14941828141238,new,310463,sell,limit,1794500,800,itch_310463
14941828243812,cancel,307539,,,,,
14942037390240,cancel,310463,,,,,
14942382638360,new,310779,sell,limit,1794500,800,itch_310779
14943540425211,cancel,310779,,,,,
14943910728571,modify,310435,,,1794300,1600,
14945110817250,cancel,310435,,,,,
14945211189491,new,312219,buy,limit,1793500,1600,itch_312219
14945298181350,new,312307,sell,limit,1794500,800,itch_312307
14945830595061,cancel,312307,,,,,
14945835534622,modify,312219,,,1794300,1600,
14946113573192,cancel,309507,,,,,
14946117568535,cancel,308999,,,,,
14946133261377,new,312667,sell,limit,1794700,800,itch_312667
14946227798139,new,312751,sell,limit,1795400,1600,itch_312751
14946448283748,new,312919,sell,limit,1794600,800,itch_312919
14946750837803,cancel,312919,,,,,
14947894095296,new,313307,sell,limit,1794600,800,itch_313307
14948232993829,new,313491,sell,limit,1794600,65,itch_313491
14948886323611,cancel,313307,,,,,
14949002908616,new,313735,sell,limit,1794600,800,itch_313735
14949414729105,cancel,312751,,,,,
14949414746490,new,313903,sell,limit,1794600,1600,itch_313903
14951558498294,cancel,312219,,,,,
14951574109707,new,314819,sell,limit,1794500,800,itch_314819
14951574234338,cancel,312667,,,,,
14951670797915,new,314851,buy,limit,1793500,1600,itch_314851
14951906079075,cancel,314819,,,,,
14952021631100,new,314875,sell,limit,1794500,800,itch_314875
14952061078082,cancel,314875,,,,,
14952065995263,modify,314851,,,1794300,1600,
14952993726022,cancel,314851,,,,,
14953097794117,new,315323,buy,limit,1793500,1600,itch_315323
14953328214255,modify,315323,,,1794300,1600,
14954191735620,new,315559,buy,limit,1780000,250,itch_315559
14954979303978,cancel,315323,,,,,
14954999250997,new,315707,sell,limit,1794500,800,itch_315707
14955111948221,new,315727,buy,limit,1793500,1600,itch_315727
14955312933910,cancel,296335,,,,,
14955312950542,new,315799,sell,limit,1794500,1600,itch_315799
14955338602753,cancel,255435,,,,,
14955419952227,cancel,315799,,,,,
14955438887138,new,315907,buy,limit,1793400,1600,itch_315907
14955520186651,new,315931,sell,limit,1795300,1600,itch_315931
14956526730313,cancel,315931,,,,,
14956526755340,new,316215,sell,limit,1794500,1600,itch_316215
14956546093409,cancel,316215,,,,,
14956751883271,new,316247,sell,limit,1795300,1600,itch_316247
14956806723784,cancel,316247,,,,,
14956980369027,new,316295,sell,limit,1794500,1600,itch_316295
14960187736203,new,317699,buy,limit,1765000,100,itch_317699
14960407852009,cancel,316295,,,,,
14960536891300,new,317771,sell,limit,1795300,1600,itch_317771
14961193003769,cancel,315707,,,,,
14961193016295,cancel,313735,,,,,
14961197425331,new,317947,buy,limit,1794200,1600,itch_317947
14961197439316,cancel,315907,,,,,
14961221582394,new,317955,sell,limit,1794600,800,itch_317955
14962566900199,new,318343,sell,limit,1794500,800,itch_318343
14962884863027,cancel,318343,,,,,
14965920475364,new,319275,sell,limit,1794500,800,itch_319275
14969024128605,cancel,319275,,,,,
14969028157117,modify,315727,,,1794300,1600,
14969142401548,cancel,315727,,,,,
14969154144036,new,320307,sell,limit,1794500,800,itch_320307
14969270798770,new,320371,buy,limit,1793500,1600,itch_320371
14970267022594,cancel,320307,,,,,
14970647716885,modify,320371,,,1794300,1600,
14971711368175,cancel,317955,,,,,
14971715344636,cancel,313903,,,,,
14971715793992,modify,310115,,,1794400,2500,
14971724217375,cancel,310115,,,,,
14971740207567,new,321455,buy,limit,1794300,800,itch_321455
14971827207356,new,321531,sell,limit,1795400,1600,itch_321531
14971958276654,new,321579,buy,limit,1793600,1600,itch_321579
14971967231847,cancel,308951,,,,,
14971968161312,cancel,321579,,,,,
14971984093581,new,321619,buy,limit,1794400,800,itch_321619
14972069276921,new,321835,sell,limit,1795500,1600,itch_321835
14972169381764,new,321875,buy,limit,1794400,1600,itch_321875
14976366242119,cancel,321619,,,,,
14976370223113,cancel,321875,,,,,
14976470807960,new,323743,buy,limit,1793600,1600,itch_323743
14976753227236,modify,323743,,,1794400,1600,
14976764022205,new,323899,buy,limit,1794400,800,itch_323899
14977995035246,cancel,323899,,,,,
14977999037925,cancel,323743,,,,,
14978112085561,new,324191,buy,limit,1793600,1600,itch_324191
14979074064437,cancel,321455,,,,,
14979077718456,cancel,321835,,,,,
14979077735757,new,324719,sell,limit,1794700,1600,itch_324719
14979395695965,new,324751,buy,limit,1794300,800,itch_324751
14979759013373,cancel,324719,,,,,
14979763666746,modify,324191,,,1794400,1600,
14979775692063,new,324899,buy,limit,1794400,800,itch_324899
14979870800285,new,324999,sell,limit,1795500,1600,itch_324999
14982660224784,cancel,324899,,,,,
14982664230235,cancel,324191,,,,,
14982786889370,new,326331,buy,limit,1793600,1600,itch_326331
14984193696745,modify,326331,,,1794400,1600,
14984204657088,new,326735,buy,limit,1794400,800,itch_326735
14984401058137,cancel,326735,,,,,
14984405052717,cancel,326331,,,,,
14984536898038,new,326903,buy,limit,1793600,1600,itch_326903
14984603186122,cancel,324999,,,,,
14984603204199,new,326943,sell,limit,1794700,1600,itch_326943
14988323186019,new,328175,sell,limit,1794600,2500,itch_328175
14988323203285,cancel,321531,,,,,
14988330949671,cancel,328175,,,,,
14988536898813,new,328207,sell,limit,1795400,1600,itch_328207
14988683694731,cancel,324751,,,,,
14988688277884,cancel,328207,,,,,
14988699388117,new,328259,sell,limit,1794600,800,itch_328259
14988786898466,new,328315,sell,limit,1794600,1600,itch_328315
14989908252139,cancel,320371,,,,,
14989908266838,cancel,317947,,,,,
14989908280084,cancel,269307,,,,,
14989908292165,cancel,234411,,,,,
14989908303549,cancel,234755,,,,,
14989915427757,new,328715,sell,limit,1794500,2500,itch_328715
14989915445124,cancel,317771,,,,,
14989924521970,new,328731,sell,limit,1794500,800,itch_328731
14990014163651,new,328831,buy,limit,1794100,1600,itch_328831
14990234757233,new,328939,buy,limit,1794000,1600,itch_328939
14990234950518,cancel,328831,,,,,
14990235215337,cancel,270075,,,,,
14990235227886,new,328955,sell,limit,1794400,1600,itch_328955
14990319129986,new,329039,sell,limit,1794400,800,itch_329039
14990319242113,cancel,328259,,,,,
14990435054724,new,329087,buy,limit,1793900,1600,itch_329087
14990664931331,new,329111,buy,limit,1793500,1600,itch_329111
14990870805563,new,329251,buy,limit,1793400,1600,itch_329251
14991078203397,new,329347,buy,limit,1793300,1600,itch_329347
14991672339058,modify,329347,,,1794100,1600,
14991790745672,cancel,329347,,,,,
14991916686185,new,329647,buy,limit,1793300,1600,itch_329647
14992923352487,cancel,329039,,,,,
14992924215685,modify,329647,,,1794100,1600,
14992927370503,cancel,328955,,,,,
14993036008843,new,330151,sell,limit,1795200,1600,itch_330151
14999678743671,new,331607,sell,limit,1794400,800,itch_331607
15000400952603,cancel,331607,,,,,
15000484164201,new,331871,sell,limit,1794400,800,itch_331871
15005906097532,cancel,329647,,,,,
15006036015716,new,333827,buy,limit,1793300,1600,itch_333827
15006270801561,modify,333827,,,1794100,1600,
15009463704804,cancel,333827,,,,,
15009578208382,new,334823,buy,limit,1793300,1600,itch_334823
15009984602685,modify,334823,,,1794100,1600,
15010201811668,cancel,313491,,,,,
15011264134734,cancel,331871,,,,,
15011551756223,cancel,328715,,,,,
15011670807939,new,335855,sell,limit,1795300,1600,itch_335855
15012304086127,modify,329251,,,1794200,1600,
15022303413756,cancel,335855,,,,,
15022303431753,new,339539,sell,limit,1794500,1600,itch_339539
15022304055197,cancel,329251,,,,,
15022320214610,new,339551,sell,limit,1794400,800,itch_339551
15022416880350,new,339683,buy,limit,1793400,1600,itch_339683
15022814190202,cancel,339551,,,,,
15023713242134,new,9000000000000000005,sell,market,,100,itch_aggressor_9000000000000000005
15023713242134,new,340259,sell,limit,1794300,100,itch_340259
15023728612383,new,340271,buy,limit,1794100,800,itch_340271
15025219994952,cancel,339539,,,,,
15025220013171,cancel,328731,,,,,
15025224846843,modify,339683,,,1794200,1600,
15025236307756,new,341083,buy,limit,1794200,800,itch_341083
15025321001798,new,341147,sell,limit,1795300,1600,itch_341147
15025433529480,modify,329111,,,1794200,1600,
15025433567166,modify,329111,,,,900,
15025615918034,new,341495,buy,limit,1794200,800,itch_341495
15025616053172,cancel,340271,,,,,
15025670801207,new,341563,buy,limit,1794200,1600,itch_341563
15025871437291,modify,341563,,,1794200,1600,
15025910909907,cancel,328315,,,,,
15025911206851,cancel,341563,,,,,
15026036014172,new,341643,sell,limit,1795400,1600,itch_341643
15026077219891,new,9000000000000000006,buy,market,,100,itch_aggressor_9000000000000000006
15026077219891,new,341651,buy,limit,1794300,1500,itch_341651
15026093196156,new,341655,sell,limit,1794700,800,itch_341655
15028316085989,cancel,341495,,,,,
15028319713034,new,342575,sell,limit,1794600,2500,itch_342575
15028319730094,cancel,341643,,,,,
15028331523244,new,342611,sell,limit,1794600,800,itch_342611
15028542124196,cancel,342611,,,,,
15028552997711,cancel,342575,,,,,
15028654040634,new,343083,sell,limit,1795400,1600,itch_343083
15028680908808,new,343191,sell,limit,1794600,800,itch_343191
15028804660189,cancel,343191,,,,,
15029547378422,cancel,343083,,,,,
15029547403538,new,343499,sell,limit,1794600,1600,itch_343499
15029558357354,new,343503,sell,limit,1794600,800,itch_343503
15032935894516,cancel,341651,,,,,
15033036010136,new,344679,buy,limit,1793500,1600,itch_344679
15034751126019,new,345139,sell,limit,1794500,800,itch_345139
15034751282830,cancel,341655,,,,,
15035414885963,cancel,345139,,,,,
15037250506482,new,346035,sell,limit,1794500,800,itch_346035
15043333557938,cancel,341083,,,,,
15043337604644,cancel,341147,,,,,
15043337622449,new,347603,sell,limit,1794500,1600,itch_347603
15043871015390,cancel,347603,,,,,
15043882749389,new,347691,buy,limit,1794200,800,itch_347691
15044003732683,new,347799,sell,limit,1795300,1600,itch_347799
15047909092937,cancel,347691,,,,,
15047938344029,new,348451,buy,limit,1794200,800,itch_348451
15048183932584,cancel,348451,,,,,
15048188049912,new,348811,sell,limit,1794500,2500,itch_348811
15048188066106,cancel,347799,,,,,
15048188952573,cancel,329111,,,,,
15048188965967,cancel,339683,,,,,
15048190548595,cancel,334823,,,,,
15048212846309,new,348931,buy,limit,1794000,800,itch_348931
15048289489048,new,349023,buy,limit,1793400,1600,itch_349023
15048298496163,new,349031,sell,limit,1794400,800,itch_349031
15048298642578,cancel,343503,,,,,
15048490341766,new,349087,buy,limit,1793300,1600,itch_349087
15048761956017,new,349295,buy,limit,1794100,800,itch_349295
15048774811341,modify,349087,,,1794100,1600,
15048797271770,cancel,349031,,,,,
15053181176036,cancel,348811,,,,,
15053192528052,new,351063,buy,limit,1794200,800,itch_351063
15053192693719,cancel,348931,,,,,
15053281284579,new,351107,sell,limit,1795300,1600,itch_351107
15053517897231,cancel,351063,,,,,
15054860693202,new,351775,buy,limit,1794200,800,itch_351775
15054915899047,cancel,351775,,,,,
15055536466589,cancel,351107,,,,,
15055536485485,new,352183,sell,limit,1794500,1600,itch_352183
15057693315799,cancel,352183,,,,,
15057789229366,modify,349023,,,1794200,1600,
15057800378697,new,353207,buy,limit,1794200,800,itch_353207
15057800410279,new,353211,sell,limit,1795300,1600,itch_353211
15058474460868,cancel,353207,,,,,
15060132090159,new,354151,buy,limit,1794200,800,itch_354151
15062898202750,cancel,346035,,,,,
15062913591775,new,355343,sell,limit,1794600,800,itch_355343
15064247478870,modify,344679,,,1794300,1600,
15068996187314,cancel,344679,,,,,
15069112131734,new,357479,buy,limit,1793500,1600,itch_357479
15070655204609,modify,357479,,,1794300,1600,
15070667104455,cancel,343499,,,,,
15070667453244,cancel,355343,,,,,
15070684228336,new,358631,buy,limit,1794400,800,itch_358631
15070684324677,cancel,349295,,,,,
15070786891847,new,358707,sell,limit,1795400,1600,itch_358707
15070860037267,modify,326903,,,1794400,1600,
15071607267889,cancel,358631,,,,,
15071611279178,cancel,326903,,,,,
15071627476572,new,359379,buy,limit,1794300,800,itch_359379
15071711383734,new,359499,buy,limit,1793600,1600,itch_359499
15073580641244,cancel,359379,,,,,
15073696095844,new,360739,buy,limit,1794300,800,itch_360739
15075284503472,modify,359499,,,1794400,1600,
15075293369953,new,361667,buy,limit,1794400,800,itch_361667
15075293483211,cancel,354151,,,,,
15080319809598,cancel,361667,,,,,
15080323825315,cancel,359499,,,,,
15080433529925,new,364027,buy,limit,1793600,1600,itch_364027
15080474183339,cancel,360739,,,,,
15080478066593,new,364119,sell,limit,1794600,2500,itch_364119
15080478081918,cancel,358707,,,,,
15080492802783,cancel,364119,,,,,
15080683023839,new,364203,sell,limit,1795400,1600,itch_364203
15081907493088,new,364847,buy,limit,1794300,800,itch_364847
15082613182048,new,364935,buy,limit,1794400,800,itch_364935
15082955158930,cancel,364935,,,,,
15083655947229,cancel,364847,,,,,
15083659803644,new,365215,sell,limit,1794600,2500,itch_365215
15083659824256,cancel,364203,,,,,
15083668192824,cancel,365215,,,,,
15083771527515,new,365267,buy,limit,1794300,800,itch_365267
15083870801258,new,365375,sell,limit,1795400,1600,itch_365375
15084035847945,cancel,365267,,,,,
15084629469552,new,365787,buy,limit,1794300,800,itch_365787
15084699576247,cancel,365787,,,,,
15084714424683,new,365823,sell,limit,1794600,800,itch_365823
15086963600896,cancel,365823,,,,,
15086979799249,new,366275,buy,limit,1794300,800,itch_366275
15087410412354,new,366459,buy,limit,1794400,800,itch_366459
15087504970911,modify,364027,,,1794400,1600,
15089051342848,cancel,326943,,,,,
15089053355302,cancel,308227,,,,,
15089053372125,modify,308299,,,1794500,2500,
15089090301192,new,367055,buy,limit,1794500,800,itch_367055
15089090437865,cancel,366275,,,,,
15089157238330,new,367127,sell,limit,1795500,1600,itch_367127
15089368961978,new,367239,sell,limit,1795600,1600,itch_367239
15089978158056,modify,307559,,,1794600,1600,
15089979926080,cancel,303667,,,,,
15089983524344,new,9000000000000000007,sell,market,,1600,itch_aggressor_9000000000000000007
15089991732091,new,367399,buy,limit,1794600,800,itch_367399
15089991842475,cancel,366459,,,,,
15089992066979,cancel,367399,,,,,
15089999911466,new,367427,sell,limit,1794900,800,itch_367427
15090074356058,modify,367427,,,,500,
15090111862679,new,367463,sell,limit,1794900,1600,itch_367463
15090194393494,new,367531,buy,limit,1794600,1600,itch_367531
15090289133431,cancel,367463,,,,,
15090416875588,new,367691,sell,limit,1795700,1600,itch_367691
15090649382181,new,367711,buy,limit,1794600,800,itch_367711
15090896893331,cancel,367711,,,,,
15090901153006,cancel,367691,,,,,
15090901177992,new,367767,sell,limit,1794900,1600,itch_367767
15092201027348,cancel,367531,,,,,
15092212992597,new,368003,sell,limit,1794800,800,itch_368003
15092327205590,new,368015,buy,limit,1793800,1600,itch_368015
15093492059962,cancel,368003,,,,,
15093497894748,modify,368015,,,1794600,1600,
15093827640496,cancel,367767,,,,,
15093853273937,new,368383,buy,limit,1794600,800,itch_368383
15093867477929,cancel,368383,,,,,
15093966866006,new,368399,sell,limit,1795700,1600,itch_368399
15094062459437,new,368415,buy,limit,1794600,800,itch_368415
15094777131158,modify,329087,,,1794700,1600,
15094787868954,new,368567,buy,limit,1794700,800,itch_368567
15094788024239,cancel,367055,,,,,
15094852032399,cancel,368567,,,,,
15094898003534,cancel,368415,,,,,
15094898683965,cancel,368399,,,,,
15094898702844,new,368607,sell,limit,1794900,1600,itch_368607
15094901992358,cancel,329087,,,,,
15094970552680,cancel,368015,,,,,
15094982787997,new,368739,sell,limit,1794800,800,itch_368739
15094992525123,new,368743,buy,limit,1794500,800,itch_368743
15095002453350,new,368755,buy,limit,1793900,1600,itch_368755
15095010814466,cancel,368739,,,,,
15095209622009,new,368931,buy,limit,1793800,1600,itch_368931
15095394061315,new,369023,sell,limit,1794800,800,itch_369023
15095939191833,cancel,369023,,,,,
15095968078751,new,369299,sell,limit,1794800,800,itch_369299
15096150167518,cancel,369299,,,,,
15096269491939,new,369371,sell,limit,1794800,800,itch_369371
15098425379871,cancel,369371,,,,,
15098872944393,new,370379,sell,limit,1794800,800,itch_370379
15101336546033,cancel,370379,,,,,
15102513226685,new,371283,sell,limit,1794800,800,itch_371283
15103468641161,cancel,371283,,,,,
15103848697819,modify,368931,,,1794600,1600,
15106142532238,cancel,368931,,,,,
15106270799368,new,372703,buy,limit,1793800,1600,itch_372703
15106693514884,modify,372703,,,1794600,1600,
15106703726058,cancel,372703,,,,,
15107003233741,new,372851,buy,limit,1793800,1600,itch_372851
15107203957078,modify,372851,,,1794600,1600,
15107611758812,cancel,368607,,,,,
15107631034183,new,373035,buy,limit,1794600,800,itch_373035
15107770535176,new,373063,sell,limit,1795700,1600,itch_373063
15108111051567,new,373203,buy,limit,1794700,1600,itch_373203
15108111068460,cancel,368755,,,,,
15108673757379,cancel,373035,,,,,
15108677741871,cancel,373203,,,,,
15108678645421,cancel,373063,,,,,
15108678658224,new,373555,sell,limit,1794900,1600,itch_373555
15108679861419,cancel,373555,,,,,
15108779888022,new,373575,buy,limit,1793900,1600,itch_373575
15108924767152,new,373699,sell,limit,1795700,1600,itch_373699
15109130914800,new,373823,buy,limit,1794600,800,itch_373823
15110256272988,cancel,373823,,,,,
15113014626309,new,375751,buy,limit,1794600,800,itch_375751
15114478615676,new,376355,buy,limit,1794700,1600,itch_376355
15114478632147,cancel,373575,,,,,
15114489412591,new,376363,buy,limit,1794700,800,itch_376363
15114489545013,cancel,368743,,,,,
15116911510351,cancel,376363,,,,,
15119542507144,cancel,375751,,,,,
15119546472207,cancel,376355,,,,,
15119662851452,new,378027,buy,limit,1793900,1600,itch_378027
15119665531607,cancel,373699,,,,,
15119665545060,new,378055,sell,limit,1794900,1600,itch_378055
15119667309410,cancel,372851,,,,,
15119692176707,new,378079,buy,limit,1794500,800,itch_378079
15119863515495,new,378123,buy,limit,1793800,1600,itch_378123
15120061765043,new,378195,sell,limit,1794800,800,itch_378195
15120548989011,cancel,378195,,,,,
15120794267727,modify,378123,,,1794600,1600,
15120857427751,cancel,378123,,,,,
15120898516991,new,378759,buy,limit,1794600,800,itch_378759
15120985707002,cancel,378055,,,,,
15120994304723,new,378891,buy,limit,1794600,1600,itch_378891
15121111975981,new,378987,sell,limit,1795700,1600,itch_378987
15122122391040,new,379267,sell,limit,1794900,100,itch_379267
15122925801496,new,379567,buy,limit,1794700,800,itch_379567
15122925941577,cancel,378079,,,,,
15123472677366,new,379811,buy,limit,1794700,1600,itch_379811
15123472696313,cancel,378027,,,,,
15124828206554,cancel,367427,,,,,
15124832184894,cancel,234671,,,,,
15124832376357,new,380267,buy,limit,1794800,1600,itch_380267
15124832392160,cancel,328939,,,,,
15124935209929,new,380287,sell,limit,1795800,1600,itch_380287
15125517557478,new,380531,buy,limit,1794800,800,itch_380531
15125517683598,cancel,378759,,,,,
15125741063102,cancel,266863,,,,,
15125870806785,new,380591,sell,limit,1795900,1600,itch_380591
15125950134523,new,380607,buy,limit,1794800,800,itch_380607
15125950245135,cancel,379567,,,,,
15126377181627,modify,349087,,,1794800,1600,
15126377218552,modify,349087,,,,900,
15126555599958,cancel,380607,,,,,
15126577210456,new,381007,buy,limit,1794100,1600,itch_381007
15126993537370,modify,381007,,,1794800,1600,
15127003541972,modify,381007,,,1794100,1600,
15127275788981,modify,381007,,,1794800,1600,
15127275914829,cancel,330151,,,,,
15127376753555,new,381571,sell,limit,1796000,1600,itch_381571
15127486850498,modify,381007,,,1794800,1600,
15127556459995,new,381615,buy,limit,1794800,800,itch_381615
15127688330355,modify,381007,,,1794800,1600,
15127939344682,modify,381007,,,1794800,1600,
15127984763977,cancel,381615,,,,,
15127988787475,modify,381007,,,1794100,1600,
15128550943834,modify,381007,,,1794800,1600,
15128562531214,new,381863,buy,limit,1794800,800,itch_381863
15128756357941,modify,381007,,,1794800,1600,
15129003371411,modify,381007,,,1794800,1600,
15129208019803,modify,381007,,,1794800,1600,
15129416884009,modify,381007,,,1794800,1600,
15129547744552,modify,381007,,,1794100,1600,
15129548402194,cancel,381863,,,,,
15129552389810,cancel,381571,,,,,
15129552409798,new,382559,sell,limit,1795200,1600,itch_382559
15129667918241,cancel,380531,,,,,
15129669713876,new,382727,sell,limit,1795100,2500,itch_382727
15129669731799,cancel,380591,,,,,
15129671903338,cancel,382727,,,,,
15129870801316,new,382851,sell,limit,1795900,1600,itch_382851
15130260612008,new,383011,buy,limit,1794800,800,itch_383011
15130708855020,cancel,383011,,,,,
15130712720635,new,383179,sell,limit,1795100,2500,itch_383179
15130712736658,cancel,382851,,,,,
15130847674092,cancel,383179,,,,,
15130848542815,modify,381007,,,1794800,1600,
15130849172274,modify,381007,,,1794100,1600,
15130860379081,new,383367,buy,limit,1794800,800,itch_383367
15130948134273,new,383411,sell,limit,1795900,1600,itch_383411
15131064708709,modify,381007,,,1794800,1600,
15131171420036,new,383611,buy,limit,1794800,800,itch_383611
15131270810727,modify,381007,,,1794800,1600,
15131308371017,cancel,383611,,,,,
15131308381872,cancel,383367,,,,,
15131312434748,modify,381007,,,1794100,1600,
15131337389096,new,383791,buy,limit,1794800,800,itch_383791
15132445290729,modify,381007,,,1794800,1600,
15132456921297,new,384055,buy,limit,1794800,800,itch_384055
15132670809789,modify,381007,,,1794800,1600,
15132937679674,modify,381007,,,1794800,1600,
15133109105017,new,9000000000000000008,buy,market,,100,itch_aggressor_9000000000000000008
15133109134061,new,384231,buy,limit,1794900,2500,itch_384231
15133109146481,cancel,381007,,,,,
15133109731234,cancel,382559,,,,,
15133124612201,new,384307,sell,limit,1795200,500,itch_384307
15133210474351,new,384343,sell,limit,1796000,1600,itch_384343
15133581011135,cancel,384307,,,,,
15133596562550,new,384495,sell,limit,1795300,800,itch_384495
15134119221256,new,384619,sell,limit,1795200,500,itch_384619
15135071347144,cancel,384619,,,,,
15135071363935,cancel,384495,,,,,
15135075418987,cancel,353211,,,,,
15135075792669,new,384983,buy,limit,1795000,1600,itch_384983
15135075809487,cancel,349023,,,,,
15135087857246,new,385003,buy,limit,1795000,800,itch_385003
15135087956683,cancel,383791,,,,,
15135099997100,new,385023,sell,limit,1795300,800,itch_385023
15135209392703,new,385039,sell,limit,1796100,1600,itch_385039
15137292336015,new,385679,sell,limit,1795300,2500,itch_385679
15137292353304,cancel,385039,,,,,
15137339519131,new,385719,sell,limit,1795200,500,itch_385719
15137463436732,cancel,385719,,,,,
15138228304628,cancel,385679,,,,,
15138416873157,new,386207,sell,limit,1796100,1600,itch_386207
15138462626916,new,386235,sell,limit,1795300,2500,itch_386235
15138462642858,cancel,386207,,,,,
15138478415140,cancel,386235,,,,,
15138526476304,cancel,385003,,,,,
15138526492381,cancel,384055,,,,,
15138670798220,new,386319,sell,limit,1795300,1600,itch_386319
15139017181630,cancel,386319,,,,,
15139027825882,new,386375,buy,limit,1795000,800,itch_386375
15139129990560,new,386395,sell,limit,1796100,1600,itch_386395
15139752658386,new,386899,sell,limit,1795300,2500,itch_386899
15139752675413,cancel,386395,,,,,
15139771879601,new,386999,sell,limit,1795200,500,itch_386999
15139895940406,cancel,386999,,,,,
15139899932773,cancel,386899,,,,,
15140000486064,new,387163,sell,limit,1796100,1600,itch_387163
15140190201067,modify,357479,,,1795100,2500,
15140204940824,cancel,357479,,,,,
15140416872463,new,387355,buy,limit,1794300,1600,itch_387355
15140580969575,new,387383,sell,limit,1795300,2500,itch_387383
15140580985008,cancel,387163,,,,,
15140581231899,cancel,387383,,,,,
15140781233118,new,387427,sell,limit,1796100,1600,itch_387427
15141144922206,new,387671,sell,limit,1795300,2500,itch_387671
15141144939186,cancel,387427,,,,,
15141153596628,cancel,387671,,,,,
15141416873241,new,387863,sell,limit,1796100,1600,itch_387863
15143353075609,new,388727,buy,limit,1795100,1600,itch_388727
15143353092732,cancel,387355,,,,,
15146478414238,cancel,388727,,,,,
15146618754209,new,389783,buy,limit,1794300,1600,itch_389783
15147323730132,new,389991,buy,limit,1795100,1600,itch_389991
15147323747042,cancel,389783,,,,,
15148915552554,cancel,385023,,,,,
15148944633562,new,390519,sell,limit,1795300,800,itch_390519
15150646791094,cancel,386375,,,,,
15150647396591,cancel,389991,,,,,
15150672816510,new,391343,buy,limit,1795000,800,itch_391343
15150786898114,new,391351,buy,limit,1794300,1600,itch_391351
15152181397040,cancel,391343,,,,,
15152209291876,new,391907,buy,limit,1795000,800,itch_391907
15152722924538,cancel,391907,,,,,
15152726954188,cancel,387863,,,,,
15152726972467,new,392267,sell,limit,1795300,1600,itch_392267
15152727578042,cancel,384983,,,,,
15152744257387,new,392303,sell,limit,1795200,500,itch_392303
15152748497255,new,392307,buy,limit,1794900,800,itch_392307
15152864559736,new,392327,buy,limit,1794200,1600,itch_392327
15153017801362,cancel,392267,,,,,
15153019258660,cancel,392327,,,,,
15153030780394,new,392455,buy,limit,1795000,800,itch_392455
15153070798111,new,392475,buy,limit,1795000,1600,itch_392475
15153129831684,new,392491,sell,limit,1796100,1600,itch_392491
15153149573591,cancel,392455,,,,,
15153342611202,new,392555,buy,limit,1795000,800,itch_392555
15156009066761,new,393299,buy,limit,1795100,1600,itch_393299
15156009084393,cancel,391351,,,,,
15157113607777,new,393611,sell,limit,1795800,80,itch_393611
15157743706644,cancel,392303,,,,,
15161717136056,cancel,393299,,,,,
15161817161263,new,394851,buy,limit,1794300,1600,itch_394851
15161817478720,cancel,394851,,,,,
15162036018889,new,394891,buy,limit,1795100,1600,itch_394891
15164520720358,cancel,394891,,,,,
15164640522478,new,395471,buy,limit,1794300,1600,itch_395471
15164641007369,cancel,395471,,,,,
15164870805417,new,395547,buy,limit,1795100,1600,itch_395547
15166933582566,cancel,395547,,,,,
15167036013298,new,395967,buy,limit,1794300,1600,itch_395967
15167839194590,new,396047,buy,limit,1795100,1600,itch_396047
15167839208407,cancel,395967,,,,,
15170947187066,cancel,390519,,,,,
